4660 5762
702 491 745 606 j
838 515 1051 592 neruum
1106 515 1325 592 oexxrrr
1856 523 1932 604 aar

240 739 456 796 rrroaonrr
480 725 648 794 rectores
671 716 924 812 ecclesiarum,
950 717 1010 819 qni
1029 717 1238 819 ιῇιιιιιιιιιί
1262 747 1336 818 per
1359 745 1498 796 amm
1529 721 1565 798 in
1589 722 1752 824 iujuriam
1777 736 1936 806 nostrum

240 832 279 900 et
305 831 541 921 contemptum
575 819 728 896 clavium
762 823 927 900 ecclesie
960 833 999 900 et
1023 833 1232 924 perpetuam
1259 823 1483 902 eversionem
1510 825 1642 924 jurium
1666 829 1781 930 ipsios
1805 830 1842 906 in
1868 855 1936 910 eo·

241 924 370 1004 olesiis
395 923 485 1016 suis,
513 948 605 1024 qrras
630 947 698 1000 nos
725 924 821 1002 sicut
846 935 884 1001 et
909 925 1004 1002 alias
1031 923 1187 1002 ducatus
1214 923 1345 1002 domini
1370 924 1477 1004 ducis
1494 927 1634 1004 Wrat.
1663 955 1712 1008 ex
1738 933 1851 1009 certis
1876 935 1934 1012 la·

240 1028 388 1128 gittirrris
414 1039 452 1104 et
477 1027 754 1104 racionabilibus
781 1029 906 1106 causis
931 1029 1191 1106 ecclesiastico
1218 1030 1470 1130 subposuimus
1486 1030 1689 1122 interdicto,
1716 1059 1784 1116 non
1800 1059 1934 1114 veren-

239 1145 297 1208 trrr
322 1155 392 1208 nee
417 1141 501 1206 sunt
525 1130 629 1206 veriti
656 1155 771 1230 usque
797 1129 903 1207 modo
929 1129 1052 1207 divina
1076 1132 1200 1208 officia
1224 1132 1443 1228 ministrare,
1477 1135 1709 1236 corripuimus
1735 1149 1773 1214 et
1797 1139 1933 1218 mourri·

238 1259 337 1328 mos,
365 1244 404 1308 ut
427 1233 543 1335 ipsum
567 1231 794 1312 interdianum
819 1234 949 1310 saltem
974 1259 1068 1312 nuno
1094 1237 1294 1312 observare
1318 1235 1508 1314 studerent
1533 1251 1572 1315 et
1588 1261 1653 1339 pro
1679 1242 1848 1340 preterito
1865 1267 1933 1320 no-

238 1339 363 1440 gruum
389 1335 440 1414 ad
465 1337 635 1433 gremium
659 1335 818 1414 redirent
843 1338 967 1412 matris
993 1338 1170 1429 ecclesie,
1198 1337 1423 1416 reformando
1450 1364 1495 1416 se
1520 1341 1636 1442 ipsius
1663 1341 1802 1440 gracie,
1829 1369 1932 1443 quarn

238 1454 375 1518 temere
401 1437 637 1516 offenderunt.
698 1439 769 1529 Qui
801 1440 890 1532 licet
920 1439 1097 1518 deberent
1121 1442 1238 1534 scire,
1272 1442 1305 1517 si
1330 1443 1485 1536 vellent,
1519 1445 1603 1544 qnia
1628 1469 1679 1522 ex
1704 1469 1750 1522 eo
1776 1445 1932 1544 quodiu

238 1543 323 1622 loeo
347 1541 539 1620 interdicto
565 1540 901 1619 adoririsumeruut
926 1555 965 1620 et
990 1543 1187 1622 secundum
1212 1569 1344 1622 sacros
1369 1569 1531 1624 canones
1564 1571 1692 1647 penam
1722 1548 1932 1648 irregulari-

238 1649 345 1736 tatis,
376 1643 559 1722 interdicti
590 1657 628 1722 et
659 1645 912 1747 suspensionis
944 1657 983 1724 et
1014 1671 1064 1724 ex
1097 1648 1416 1726 constituciooibns
1442 1650 1661 1728 venerabilis
1692 1651 1805 1749 patris
1835 1649 1929 1728 dom.

237 1749 462 1850 Plrilippi,
489 1747 527 1823 d.
554 1771 609 1848 gr.
635 1749 831 1825 Firmani
857 1774 916 1851 ep.
943 1747 1026 1827 sed.
1052 1763 1171 1852 apost.
1196 1751 1283 1851 leg,
1310 1753 1696 1830 excommunicacionis
1722 1754 1933 1845 sentencias

238 1849 335 1930 sicut
360 1851 485 1930 etalii
511 1873 631 1928 eorrrrrr
658 1853 796 1930 similes
821 1851 909 1930 dicti
935 1852 1090 1932 ducatus
1116 1855 1320 1955 presbyteri
1338 1866 1377 1930 et
1397 1856 1522 1932 clerici
1547 1857 1768 1934 incurrerent
1785 1867 1825 1932 et
1851 1881 1944 1934 cunrv

240 1980 291 2041 ex
321 1967 447 2032 nostra
478 1955 713 2056 correpciooa
745 1967 898 2056 patema
929 1957 1060 2057 corrigi
1095 1956 1301 2050 debuerint,
1328 1958 1400 2058 ipsi
1432 1969 1549 2036 umen
1576 1983 1685 2036 aures
1718 1985 1808 2036 snas
1834 1985 1932 2038 more

238 2057 380 2161 aspidis
406 2059 615 2136 obturantes
640 2059 774 2134 nostris
799 2059 1054 2136 municionibus
1081 2071 1119 2136 et
1145 2061 1437 2162 correpcionibns
1471 2061 1709 2154 salutaribus,
1743 2064 1932 2164 expectati

238 2159 382 2239 nauus
406 2162 523 2238 eciam
547 2171 633 2263 post
657 2161 819 2264 clapsum
845 2163 1024 2238 temrinnm
1051 2185 1155 2260 quom
1180 2163 1237 2240 eis
1262 2165 1524 2265 preflxeramus
1550 2173 1828 2267 competentem,
1861 2190 1930 2244 ac-

237 2266 433 2444 Ἡοιοοιθ
456 2288 526 2340 non
553 2275 736 2356 curantes,
763 2265 878 2342 eciam
904 2289 974 2340 sua
997 2264 1199 2366 pertinacia
1224 2290 1303 2343 cum
1330 2269 1433 2368 gravi
1459 2266 1613 2371 dampno
1638 2269 1800 2346 et'mnlto
1818 2293 1930 2346 scan-

288 2393 324 2443 wo
351 2367 514 2446 eeclesia
538 2377 788 2470 perseverant,
814 2369 1037 2446 immemores
1064 2371 1298 2463 sacramenti,
1327 2393 1406 2449 cunr
1431 2372 1524 2472 ipsis
1549 2397 1615 2474 per
1640 2397 1707 2448 nos
1733 2371 1930 2474 dispeusa-
1998 2433 2003 2442 .

238 2472 299 2550 cio
322 2495 438 2552 rernm
464 2470 800 2548 ecclesiasticarum
826 2473 1117 2563 committeretur,
1153 2471 1250 2572 qnod
1274 2475 1378 2550 nobis
1403 2476 1440 2549 in
1471 2475 1664 2552 earundem
1691 2476 1931 2552 eeclesiarum

237 2599 331 2674 quas
357 2599 449 2650 nnuc
475 2571 637 2650 detinent
662 2575 885 2668 collacione,
918 2576 1015 2652 sient
1040 2585 1077 2650 et
1103 2575 1164 2650 alii
1192 2577 1317 2653 clerici
1342 2577 1495 2670 faciunt,
1525 2579 1757 2679 prestiterunt
1790 2603 1931 2656 necnon

235 2675 423 2754 fidelitatis
450 2687 488 2754 et
512 2675 746 2772 obediencie,
778 2703 871 2778 qrrrrs
904 2677 1076 2768 menete,
1094 2687 1219 2754 nosue
1244 2679 1385 2754 Wrat.
1419 2690 1457 2757 et
1488 2682 1592 2756 nobis
1623 2682 1659 2756 in
1686 2683 1930 2783 snscepcione

237 2778 443 2858 sacerdotis
469 2779 605 2856 ordinis
624 2785 854 2882 juraverunt,
887 2792 926 2858 ct
958 2781 1121 2882 quoniam
1153 2781 1269 2880 exigit
1293 2806 1545 2883 perversorum
1578 2783 1756 2875 audacia,
1790 2796 1829 2860 nt
1859 2809 1929 2860 norr

237 2883 348 2960 simus
374 2883 457 2960 sola
481 2881 692 2961 delictorum
743 2884 962 2962 rolribicione
988 2884 1156 2977 contenti,
1182 2885 1251 2959 nisi
1278 2886 1395 2963 eciam
1419 2909 1535 2986 penas
1559 2885 1845 2986 delinquentibus
1862 2889 1929 2962 irrr-

236 3011 427 3090 ponamus,
463 2988 547 3087 quia
572 2989 621 3062 nil
645 2911 741 3088 prod

233 3107 306 3166 'non
332 3093 593 3184 obesseifluos
614 3097 804 3189 predictos
827 3104 992 3166 rectores
1014 3099 1277 3176 ecclesiaram,
1304 3117 1393 3189 qnos
1415 3106 1454 3165 et
1475 3106 1598 3168 uorum
1622 3099 1929 3188 irregularitatis,

237 3200 442 3280 interdicti,
467 3201 717 3292 suspensionis
740 3209 778 3268 et
799 3193 1198 3269 excommunicacionis
1221 3201 1432 3268 aerrteacios
1455 3223 1525 3269 noo
1549 3209 1606 3269 est
1629 3199 1784 3267 dubium
1801 3201 1928 3267 incarr-

161 3327 166 3337 ·
237 3303 332 3372 risse
349 3312 388 3372 et
401 3304 544 3372 nemisse
568 3311 610 3372 ιιι
623 3304 862 3395 premisimus
885 3300 1147 3394 coabmfidem
1165 3303 1370 3394 dupliciter·
1383 3323 1457 3394 per·
1473 3323 1535 3372 eoa
1547 3303 1697 3395 prestiti
1705 3299 1927 3391 juramenti,

237 3399 346 3484 irr,eo
370 3397 468 3500 quod
494 3421 573 3475 cum
598 3413 773 3501 perpetuo
799 3397 952 3501 dampno
985 3409 1023 3476 at
1048 3397 1195 3476 excidio
1221 3399 1385 3476 ecclesie
1419 3411 1457 3476 et
1480 3411 1605 3474 nostra
1630 3397 1847 3498 memmius
1870 3398 1927 3472 irr-

231 3503 330 3603 juria
354 3503 528 3606 potestati
559 3503 717 3580 seculari
748 3503 957 3603 opprimenti
989 3517 1116 3579 contra
1146 3500 1251 3578 derrm
1285 3512 1323 3578 et
1346 3501 1532 3601 jusficiam
1558 3501 1756 3578 ecclesiam
1787 3503 1823 3576 iu
1849 3500 1927 3577 suis

236 3607 347 3684 rebus
372 3607 558 3683 mobilibus
585 3617 624 3683 et
647 3607 881 3682 immobilibus
912 3629 959 3682 ac
987 3606 1130 3705 juribus
1155 3604 1332 3682 adherent
1357 3605 1522 3698 consilio,
1556 3605 1691 3681 anxilio
1724 3615 1763 3682 et
1787 3604 1929 3697 lavore,

237 3715 287 3786 ab
313 3717 453 3786 normae
478 3716 636 3786 ecclesie
662 3724 701 3785 et
721 3737 747 3784 o
763 3725 888 3786 cosma
912 3717 1121 3808 episcopati
1140 3714 1358 3785 obediencia
1375 3736 1416 3784 ac
1433 3716 1644 3786 scindentes
1667 3720 1844 3808 tamqrranr
1861 3714 1928 3783 n'o·

237 3823 315 3890 stra
340 3837 408 3890 sue
421 3811 600 3889 ecclesie
625 3823 663 3888 et
688 3824 982 3912 transgressores
1009 3811 1164 3914 duplicis
1184 3811 1396 3912 juramenti,
1423 3819 1593 3896 ecclesiis
1617 3841 1711 3916 quau
1736 3825 1929 3886 terrueruut

237 3931 275 3992 ct
291 3931 414 3993 terreat
430 3945 455 3990 a
472 3919 576 3991 roobia
598 3927 637 3988 et
653 3943 678 3989 a
696 3932 821 3992 mostra
846 3925 1008 3992 ecclesio
1034 3930 1222 4014 rumquum
1248 3921 1398 3990 domino
1424 3929 1461 3988 et
1475 3926 1636 4013 patrono
1653 3920 1930 3990 consocialiter

239 4027 279 4094 in
308 4026 381 4096 iriia
410 4025 562 4117 scriptis
590 4025 801 4116 privamus,
834 4029 1069 4095 reservantes
1094 4018 1342 4096 collacionem-
1355 4017 1509 4116 ipsarum
1536 4015 1774 4094 ecclesiarum
1801 4015 1928 4114 quibus
1995 4022 1999 4034 '

111 4115 116 4125 ”
237 4123 342 4198 nobis
366 4120 545 4199 videbitur
571 4119 759 4224 expedire.
819 4121 873 4196 Εἰ
898 4147 945 4198 ne
970 4121 1102 4222 prelati
1129 4143 1219 4196 ausu
1245 4121 1434 4197 temerario
1461 4118 1511 4195 od
1535 4117 1774 4221 predictorum
1801 4117 1928 4194 eecle-

236 4225 367 4302 siarum
392 4251 454 4303 res
479 4225 629 4302 mobiles
655 4224 715 4302 vel
729 4223 925 4301 immobiles
947 4234 1010 4300 aut
1033 4223 1149 4300 eciaru
1169 4229 1266 4323 jura,
1289 4248 1368 4300 oum
1385 4221 1435 4298 ad
1453 4247 1520 4300 cos
1537 4221 1667 4299 eedem
1684 4219 1813 4296 aurudo
1831 4217 1929 4294 nullo

232 4330 791 4430 rum
823 4325 1311 4508 ιιιιιιι
1781 4319 1928 4502 ιι
1952 4379 1956 4390 ·

235 4457 552 4636 difficilis,
579 4537 613 4610 si
637 4537 673 4610 iu
697 4455 851 4640 prefatis
878 4533 1052 4631 ecclesiis
1077 4533 1138 4609 vel
1166 4557 1286 4609 earum
1311 4455 1420 4610 rdbus
1446 4533 1624 4634 quipiam
1649 4528 1929 4631 presumpserint

235 4649 460 4762 abenrptoro.
477 4639 576 4760 lratp
593 4649 631 4714 et
646 4641 832 4762 publicata
849 4647 908 4714 est
918 4637 990 4714 bec
1003 4636 1193 4714 sentencia
1209 4637 1245 4711 in
1260 4637 1406 4759 scriptis
1418 4659 1512 4712 anno
1525 4559 1927 4756 dominiMCClrillll

235 4755 364 4924 tit
379 4769 434 4921 d'
441 4742 1095 4947 rulttfftutttttrt
1143 4739 1376 4943 tillut
1395 4735 1927 4931 'trtltttttfflttttrs

234 4950 321 5052 pbo
346 4948 396 5027 de
422 4947 695 5052 Cyginhals,
729 4949 980 5029 Hermanno
1014 4946 1064 5027 de
1090 4945 1385 5040 Camenicua,
1420 4943 1663 5025 Cosmiano
1694 4941 1744 5022 de
1775 4943 1927 5022 Pacu·

737 2995 842 3064 esset
866 2987 1055 3064 lrnmililrrrs
1081 2985 1313 3079 obediencia,
1347 2989 1379 3064 si
1407 3000 1632 3089 contemptus
1659 2991 1929 3066 contumacibus
1969 3011 1973 3026 ·
2039 3021 2043 3030 ·
