4552 5786
827 503 1039 580 orrares
1095 501 1273 576 tecvm.
1819 485 1894 583 tut

308 705 392 783 Nos
418 705 524 806 igitur
546 701 831 807 liudolphus,
859 701 895 778 d.
922 728 976 803 gr.
1012 703 1208 806 episcopus
1234 702 1519 780 Laurentibus
1545 715 1583 780 et
1614 703 1719 782 sedis
1744 717 1896 808 apostu-

205 809 277 886 lice
304 810 453 886 noncins
479 821 517 885 et
541 808 699 910 legatus,
724 807 815 882 visis
841 807 1041 908 premissis,
1069 807 1175 886 litera
1198 818 1235 884 ct
1261 807 1393 908 sigillis
1410 807 1572 909 ipsisque
1590 806 1782 908 diligenter
1799 835 1894 886 exa·

204 913 345 988 minatis
371 911 569 1012 salvisque,
596 911 747 1010 integris
773 921 811 987 et
836 910 927 986 omui
953 911 1162 1012 suspicione
1189 911 1395 986 carentibus
1431 912 1602 1012 repertis,
1635 909 1685 986 ad
1716 913 1895 990 instantes

204 1039 338 1117 preces
363 1015 582 1092 honorabilis
609 1015 687 1107 viri,
723 1012 815 1088 dom.
844 1011 1072 1088 Stanislai
1105 1011 1247 1105 Galli,
1282 1009 1425 1115 syndici
1453 1025 1490 1092 et
1514 1015 1758 1116 procmatun's
1789 1027 1895 1093 ante

205 1119 288 1210 fati,
316 1143 408 1218 quas
427 1123 553 1218 justas
580 1129 618 1195 et
643 1117 777 1194 racioni
811 1139 993 1192 consonas
1026 1118 1287 1217 reputavimus,
1322 1131 1469 1194 servato
1495 1117 1590 1216 juris
1623 1115 1748 1194 ordine
1779 1120 1895 1220 ipsam

204 1221 342 1300 literam
369 1221 578 1298 transscribi
606 1231 644 1298 et
669 1221 861 1296 transsumi
887 1219 1079 1320 sigillaquc
1104 1221 1219 1322 ipsios
1246 1245 1311 1320 per
1336 1221 1454 1296 omnia
1481 1217 1642 1298 describi
1677 1233 1714 1298 et
1745 1223 1895 1300 auscul-

204 1326 273 1400 tari
307 1338 346 1402 et
384 1326 418 1400 in
452 1325 629 1426 publicam
663 1323 809 1398 sormam
846 1347 911 1424 per
946 1325 1117 1399 rmtarinm
1156 1323 1332 1425 poblicum
1365 1323 1603 1426 subscriptum
1635 1321 1765 1424 redegi
1798 1327 1893 1424 (sic)

204 1426 448 1504 mandavimus
476 1429 603 1526 sicque
632 1451 787 1526 presens
821 1436 1095 1528 transsumptum
1128 1451 1207 1502 cum
1239 1427 1323 1526 ipsa
1356 1425 1463 1502 litera
1488 1426 1651 1526 originali
1677 1437 1747 1502 tam
1773 1427 1809 1502 in
1836 1439 1894 1505 te-

206 1555 292 1608 nore
324 1557 427 1634 qnam
461 1532 495 1604 in
529 1529 724 1629 sigillorum
758 1526 1012 1629 descripcionc
1045 1529 1169 1605 babitu
1200 1529 1401 1606 collacione
1433 1527 1531 1605 lideli
1570 1553 1637 1632 per
1662 1531 1779 1606 onmia
1804 1555 1893 1608 con·

205 1632 360 1712 cordare
384 1635 592 1710 invenimus.
633 1631 860 1734 Quapropter
884 1631 1051 1708 volentes
1076 1643 1115 1708 et
1140 1633 1356 1708 auctoritate
1381 1632 1585 1731 legacionis
1611 1643 1734 1709 nostre
1760 1643 1896 1733 etqua
2035 1626 2039 1637 '

205 1741 238 1813 in
265 1738 338 1813 bac
370 1751 474 1840 parte
505 1735 680 1835 brogimnr
712 1733 974 1826 decernentes,
1006 1731 1102 1834 quud
1135 1735 1219 1811 buic
1250 1737 1410 1837 presenti
1442 1747 1682 1838 transsumpto
1714 1734 1894 1838 deinceps

204 1853 243 1916 et
266 1841 423 1930 inantea,
449 1839 509 1915 bic
537 1852 573 1915 et
599 1840 727 1938 ubique
753 1838 922 1928 laconum,
949 1847 1021 1912 tam
1046 1839 1081 1912 in
1101 1837 1254 1937 judiciis
1280 1865 1383 1938 qnam
1411 1851 1528 1932 entra,
1554 1851 1654 1914 muta
1674 1837 1769 1916 lidos
1786 1837 1894 1916 adbi-

206 1947 332 2020 beatur
364 1955 496 2043 quanta
529 1939 760 2018 adhiberetur
791 1941 895 2017 litere
928 1941 1090 2041 originali
1124 1942 1302 2042 sigillato,
1344 1941 1376 2016 si
1409 1941 1649 2018 effectualiter
1679 1965 1749 2044 per
1778 1944 1895 2018 omnia

206 2071 362 2148 presens
389 2057 592 2146 appareret,
619 2045 866 2122 anctoritatem
893 2057 1048 2120 nostram
1076 2057 1239 2144 quantum
1265 2045 1314 2122 de
1342 2049 1427 2144 jore
1452 2069 1644 2146 possumus
1671 2045 1831 2121 omnibns
1858 2059 1896 2122 et

205 2147 358 2249 singolis
390 2149 619 2250 presentibus
650 2147 903 2247 interponimus
933 2149 1067 2248 pariter
1099 2159 1137 2223 et
1167 2147 1363 2224 decretum.
1424 2149 1465 2222 ln
1498 2171 1640 2248 quonum
1675 2149 1823 2224 omnium
1856 2161 1894 2226 et

205 2253 421 2351 singulorum
448 2249 554 2328 tidem
582 2263 619 2326 et
644 2251 878 2326 testinnonium
907 2251 1157 2350 premissorum
1181 2262 1374 2351 presentes
1399 2251 1525 2328 literas
1543 2253 1625 2329 sive
1649 2275 1804 2354 presens
1824 2277 1893 2352 pu-

207 2355 334 2433 blicum
360 2355 635 2444 instrumentum,
670 2347 873 2452 hujusmodi
908 2366 1180 2455 transsumptum
1213 2355 1293 2430 sive
1326 2356 1594 2455 transscriptum
1627 2355 1662 2428 in
1698 2379 1743 2432 se
1776 2355 1893 2432 conti-

205 2467 334 2534 nentes
361 2459 442 2534 sive
469 2458 668 2548 continens,
696 2481 762 2557 per
787 2455 955 2530 notarium
982 2456 1159 2556 poblicum
1187 2457 1423 2558 subscriptum
1451 2458 1561 2533 scribi
1580 2467 1618 2534 et
1634 2458 1809 2559 publicari
1826 2483 1892 2534 no-

207 2562 342 2660 strique
369 2561 477 2661 sigilli
505 2560 727 2662 appensione
753 2559 955 2636 communiri
981 2556 1237 2634 mandavimus.
1297 2561 1431 2636 Actum
1456 2561 1492 2636 in
1518 2559 1664 2638 civitate
1691 2561 1831 2638 Wrat.
1858 2561 1894 2636 in

206 2662 312 2740 domo
338 2663 576 2740 habitacionis
603 2675 744 2754 nostre,
778 2687 870 2738 arrrru
904 2661 1033 2739 domini
1065 2662 1252 2737 millesimo
1283 2662 1634 2763 qrradringcntesimo
1661 2665 1894 2765 sexagesimo

206 2779 327 2853 sexto,
354 2765 558 2843 indiccione
584 2765 727 2842 decima
753 2777 890 2865 quarta,
917 2761 978 2841 die
1006 2765 1127 2866 quinta
1144 2765 1279 2840 mensis
1297 2766 1402 2864 ltlaji,
1429 2767 1657 2868 pontilicatos
1675 2767 1895 2844 sanctissimi

205 2871 240 2944 in
256 2868 403 2947 Christo
429 2871 542 2972 patris
570 2881 607 2946 et
632 2865 724 2945 dom.
752 2869 875 2960 nostri,
903 2865 996 2942 dum.
1024 2869 1172 2961 Pauli,
1200 2866 1322 2943 divina
1347 2868 1582 2970 providencia
1606 2895 1703 2970 pape
1729 2868 1894 2962 secundi,
2009 2943 2017 2958 ,

207 2997 300 3048 amm
326 2977 408 3072 ejus
435 2969 615 3062 secundo,
648 2973 877 3072 presentibus
909 2969 1039 3047 ibidem
1067 2971 1263 3048 venerabili
1295 2982 1332 3046 et
1365 2970 1537 3047 discretis
1563 2972 1662 3062 viris,
1690 2971 1782 3046 dom.
1810 2973 1850 3046 N
1856 2974 1895 3046 i-

207 3077 337 3152 colau
363 3076 556 3151 Merboti
583 3073 807 3151 decreturum
834 3071 984 3150 doctore
1011 3076 1185 3150 canonico
1211 3073 1373 3166 Wrat.,
1407 3071 1593 3149 Andrea
1619 3075 1781 3150 Berult
1806 3075 1894 3148 Ar·

207 3180 493 3278 gentinensis
520 3189 558 3253 et
582 3177 786 3257 Jubaune
813 3177 1206 3279 Tantaenbeyger
1230 3177 1554 3279 lllrbipolensis
1589 3173 1752 3254 diocesis
1786 3177 1895 3255 cleri-
1933 3235 1942 3246 .

208 3283 274 3374 cis,
301 3282 454 3357 testibus
482 3278 530 3356 ad
558 3281 735 3382 premissa
758 3279 902 3357 vocetis
928 3281 1063 3382 pariter
1089 3292 1126 3356 et
1151 3282 1301 3379 rogatis.

310 3383 364 3460 Et
389 3409 461 3483 ego
486 3384 736 3460 Wernerus
767 3382 816 3460 de
842 3383 1018 3476 Putten,
1045 3384 1201 3461 clericus
1229 3382 1487 3461 Colmensis
1514 3381 1695 3470 diocesis,
1730 3384 1895 3484 publicus
1935 3398 2043 3466 (simu

207 3511 317 3564 sacra
343 3487 558 3563 auctoritate
583 3487 757 3588 imperiali
784 3488 955 3578 notarius,
982 3487 1066 3586 qnia
1091 3487 1289 3588 premissis,
1318 3486 1503 3578 citaciuni,
1531 3484 1682 3564 decreto
1709 3485 1895 3587 ejusdcm·
1913 3467 2064 3527 ‘'m'’

230 3615 276 3667 ne
303 3601 340 3666 et
371 3589 514 3666 ducalis
539 3591 718 3667 literarum
744 3615 855 3691 snpra
880 3591 1089 3666 insertarum
1115 3591 1399 3691 presentacioni,
1434 3587 1776 3682 leccioni,'testium
1810 3615 1896 3692 pro-

206 3619 394 3785 doccioni,
429 3693 624 3791 sigillorum
658 3693 920 3792 recognicioni,
958 3693 1238 3786 avrscnltacioni,
1273 3692 1412 3771 decreti
1443 3693 1711 3795 interposiciuni
1744 3694 1897 3792 aliisque

207 3796 367 3872 umrribus
394 3807 431 3871 et
457 3797 627 3894 singulis,
661 3793 744 3871 dom
770 3795 865 3874 sicut
890 3795 1098 3897 premittitur
1122 3797 1249 3872 fierent
1275 3807 1312 3872 et
1337 3805 1531 3895 agerentur
1557 3822 1627 3872 una
1659 3821 1737 3872 cum
1764 3817 1897 3896 preno-

207 3899 348 3974 minatis
382 3899 536 3974 testibus
568 3923 722 4001 presens
747 3898 890 3976 interfui
917 3923 1033 3999 eaque
1067 3899 1122 3974 sic
1155 3899 1232 3975 fieri
1257 3895 1331 3972 vidi
1355 3910 1392 3975 et
1418 3896 1540 3974 andivi
1571 3901 1745 3999 ipsasque
1770 3899 1897 3974 literas

208 4001 404 4104 originales
431 4025 509 4077 cum
536 4001 697 4103 presenti
723 4011 962 4104 transsumpto
988 3999 1181 4100 diligenter
1206 3999 1469 4078 collaciuoatas
1495 4013 1533 4077 et
1557 4003 1784 4080 auscultantes
1807 4025 1896 4077 con·

208 4104 363 4182 cordare
395 4104 531 4206 reperi,
564 4101 720 4182 ideone
753 4127 908 4206 presens
941 4103 1116 4205 publicum
1148 4105 1378 4205 transsumpti
1403 4105 1667 4180 instrumentum
1699 4129 1765 4206 per
1790 4103 1897 4179 alium
1990 4141 1994 4152 ·

207 4206 370 4299 fidelem,
403 4232 459 4283 me
494 4207 577 4282 aliis
604 4231 627 4283 a
672 4207 727 4282 nis
759 4206 982 4310 prepeditum
1009 4207 1185 4307 negociis,
1212 4205 1368 4284 fideliter
1393 4205 1632 4307 conscriptum
1659 4204 1794 4283 exinde
1819 4207 1897 4283 beri

208 4311 281 4387 l'eci
315 4322 353 4387 et
383 4311 418 4385 in
450 4309 547 4386 banc
579 4309 754 4410 publicam
790 4311 935 4386 turmam
970 4307 1097 4410 redegi
1130 4310 1306 4410 signoque
1341 4323 1378 4384 ct
1411 4309 1549 4384 numine
1588 4309 1679 4385 meis
1711 4309 1828 4384 solitis
1860 4321 1898 4384 et

209 4413 394 4490 consuetis
421 4437 490 4488 urna
516 4437 594 4490 com
620 4415 843 4513 appensione
870 4413 901 4488 si
929 4413 980 4488 'lli
1005 4410 1195 4490 reverendi
1220 4413 1254 4487 in
1269 4409 1417 4489 Gbristo
1442 4411 1556 4514 patris
1580 4423 1617 4488 et
1634 4409 1775 4504 domini,
1802 4409 1898 4486 dom,

208 4515 444 4616 Rudolpbi,
473 4539 531 4616 ep.
559 4515 821 4606 Lannrrtirri,
855 4437 940 4592 sed.¹
964 4529 1081 4616 apost.
1110 4515 1227 4593 nuncii
1255 4525 1293 4590 at
1316 4513 1429 4613 legati
1456 4539 1567 4618 snpra
1592 4514 1757 4591 nominati
1784 4525 1822 4590 ct
1847 4511 1918 4590 de.

209 4620 326 4721 ipsius
351 4615 519 4693 mandato
546 4619 699 4721 speciali
726 4619 938 4718 consignavi
970 4619 1004 4692 in
1030 4615 1137 4695 fidem
1164 4629 1202 4694 et
1227 4617 1460 4694 testimoninm
1495 4617 1642 4693 omnium
1670 4629 1708 4694 et
1733 4617 1896 4717 singulo·

207 4747 281 4798 rum
307 4720 558 4822 premissorum
585 4731 734 4822 rogatus
760 4733 797 4798 et
822 4721 1026 4821 requisitus.

852 4933 1253 4948 -ι-ο--ι-ψ-
