4660 5762
888 473 1100 600 Urbrmdee.
1159 525 1309 598 ecrit.
1867 527 1942 606 211

252 733 325 810 bris
351 731 388 806 in
413 730 516 822 loco,
548 731 608 830 qui
633 729 803 807 Belsco
829 729 1027 829 vulga-iter
1052 737 1291 829 nuncupatur,
1318 737 1357 804 et
1382 729 1546 827 quoniam
1571 725 1727 832 dampna
1751 743 1789 809 et
1814 734 1945 834 injurie
1997 751 2075 824 tneo,

251 834 656 911 Wrstinlaniensis
682 833 859 926 wolone,
883 857 955 932 qne
980 834 1015 907 in
1040 831 1171 908 litteris
1187 832 1322 908 restris
1347 831 1580 922 continentur,
1606 857 1677 909 non
1703 836 1818 912 solum
1842 837 1945 914 noble
1971 823 2106 892 ⁴·⁵⁰¹'‘¹'¹·

253 951 291 1017 et
307 938 372 1015 toti
397 937 582 1038 provincie
607 936 837 1030 Polonice,
861 961 985 1012 verum
1011 937 1126 1012 eciam
1153 935 1237 1010 aliis
1263 933 1602 1036 circumjacentibus
1627 941 1823 1038 provinciis
1848 939 1946 1020 adeo

254 1055 337 1118 sunt
362 1042 518 1129 notoria,
553 1039 648 1140 qnod
680 1041 779 1116 nulla
810 1051 962 1142 possunt
994 1039 1304 1138 tergiversacione
1336 1040 1468 1131 celari,
1501 1041 1598 1116 sicot
1630 1039 1824 1119 evidenm’a
1856 1045 1946 1122 lacti

157 1173 164 1182 ·
254 1145 410 1224 continui
435 1145 519 1221 lnce
546 1145 681 1222 clarius
706 1143 923 1235 manifestat,
950 1167 1029 1218 nam
1054 1143 1219 1244 prelatus
1246 1143 1375 1217 nobilis
1393 1145 1447 1217 vir
1472 1139 1710 1235 Henricns‚
1739 1145 1815 1220 dux
1841 1145 1945 1226 Sle·

254 1252 326 1326 zie
345 1262 382 1326 et
399 1246 660 1338 dom.·Wrat.,
680 1257 815 1338 castra,
835 1247 1015 1339 civitates,
1034 1246 1215 1338 suburbia,
1241 1233 1361 1338 villas,
1388 1249 1661 1346 possessiones,
1690 1246 1827 1342 domos,
1847 1257 1944 1350 jura,

248 1351 526 1454 jurisdiciones,
563 1351 744 1442 decimas,
778 1361 992 1450 proventus,
1026 1347 1190 1425 redditus
1224 1359 1262 1428 et
1292 1349 1367 1424 alis
1392 1353 1486 1425 bona
1510 1350 1675 1428 ecclesie
1701 1351 1837 1426 Wrat.
1865 1356 1944 1454 epi-

255 1457 369 1558 scopi,
396 1456 646 1530 canonicorum
673 1465 710 1530 et
733 1451 949 1554 qoomndam
974 1454 1222 1551 religiosomm
1249 1465 1287 1529 et
1311 1453 1430 1528 tocius
1457 1453 1546 1529 cleri
1572 1454 1642 1528 sibi
1668 1477 1737 1528 non
1764 1451 1945 1532 odberen-

255 1561 346 1637 cium
372 1557 512 1634 detinet
537 1569 729 1659 occupata,
756 1555 867 1632 multa
883 1581 933 1632 ex
951 1557 1007 1633 eis
1025 1556 1232 1632 distrahens
1259 1567 1297 1632 et
1321 1555 1437 1631 modis
1463 1558 1575 1632 variis
1601 1557 1765 1632 alienans
1787 1581 1852 1658 pro
1878 1583 1945 1637 soe

254 1663 352 1738 libito
377 1662 573 1736 voluntatis
597 1661 632 1734 in
659 1685 727 1735 sne
754 1661 870 1736 anime
896 1660 1102 1761 pericnlum,
1129 1657 1342 1735 scandalum
1358 1657 1580 1760 plurimorum
1607 1672 1647 1734 et
1670 1661 1834 1737 ecclesie
1859 1687 1945 1764 pre-

249 1765 424 1866 judicium
452 1777 489 1840 et
515 1787 727 1862 gravamen,
762 1787 940 1863 personas
972 1765 1120 1864 insuper
1152 1762 1433 1840 ecclesiasticas
1465 1775 1503 1838 et
1528 1761 1661 1840 iratres
1687 1763 1946 1841 predicatores

255 1883 305 1948 et.
318 1869 411 1944 alios
437 1867 631 1965 religiosos
659 1877 696 1942 et
722 1861 922 1941 universnm
951 1867 1083 1942 clerum
1112 1867 1362 1941 observantem
1394 1863 1619 1941 interdictum
1654 1867 1946 1944 ecclesiasticum

255 1973 364 2048 rebus
391 1981 428 2047 et
454 1971 640 2046 beneficiis
668 1967 716 2046 de
743 1970 842 2045 lacto
868 1971 1042 2070 spolians,
1070 1970 1162 2043 alios
1188 1967 1384 2059 intrudens,
1413 1993 1438 2042 a
1459 1991 1526 2042 sno
1550 1966 1703 2042 dominio
1729 1969 1945 2071 profugavit,

255 2073 512 2151 adherentibus
538 2097 627 2148 vero
654 2073 723 2147 sibi
749 2085 787 2149 et
810 2073 1051 2148 irreverenter
1077 2071 1415 2148 communicantibus
1449 2083 1487 2145 et
1511 2063 1733 2148 irrterdidtum
1761 2073 1946 2148 ecclesia-

256 2177 383 2256 sticum
402 2176 744 2278 contempnentibus,
772 2173 944 2250 videlieet
962 2171 1199 2250 Bernardo
1225 2174 1411 2274 preposito
1428 2175 1695 2268 Misncnsis,
1723 2174 1946 2251 Sbrozlao

254 2281 440 2384 preposito
464 2277 875 2353 Wr'atizlauiensis
909 2278 1091 2367 occissis,
1125 2277 1263 2352 Petro
1294 2278 1451 2370 notario,
1485 2279 1617 2353 abbate
1644 2305 1675 2353 s.
1703 2275 1947 2355 Viuccncii

255 2381 392 2460 ordinis
409 2383 767 2472 Promonstratensis,
788 2379 1050 2480 Va(l)tbero
1068 2381 1239 2479 magistro
1257 2381 1448 2482 bospitalis
1466 2405 1498 2455 s.
1517 2381 1668 2473 blatbie,
1694 2381 1946 2458 Hermanno

255 2490 394 2564 lectore
426 2486 579 2584 aliisque
611 2485 782 2560 fratribus
806 2485 1005 2560 Minoribus
1031 2483 1158 2560 domus
1183 2483 1318 2559 Wrat.
1347 2497 1386 2561 et
1415 2485 1497 2560 aliis
1528 2487 1790 2588 quampluribus
1816 2487 1851 2562 in
1879 2507 1948 2562 sua

256 2591 386 2690 gracia
419 2601 458 2665 ct
489 2585 640 2665 consilio
674 2590 956 2684 remanentibus,
1015 2611 1055 2664 er
1087 2597 1195 2663 totum
1228 2586 1415 2662 dominium
1449 2611 1550 2664 sunm
1574 2588 1697 2666 brine
1722 2592 1948 2668 celebrantur

256 2717 323 2796 per
347 2690 513 2768 advenas
539 2703 577 2768 et
599 2694 756 2792 ignotos,
783 2715 851 2766 nos
878 2715 969 2793 sepe
996 2693 1104 2767 ictum
1131 2689 1257 2768 ducem
1283 2690 1480 2768 secondom
1498 2691 1643 2768 sormam
1663 2695 1765 2770 nobis
1781 2691 1947 2770 traditam

258 2797 598 2874 excommunicatum
625 2809 664 2872 et
686 2807 815 2872 terram
843 2819 944 2871 suam
972 2793 1231 2872 ecclesiastico
1258 2801 1454 2870 interdicto
1486 2795 1684 2872 invenimus
1715 2799 1795 2874 lore
1820 2799 1947 2898 subje-

258 2913 363 2992 ctam
391 2897 615 2990 mandantes,
641 2901 745 3001 ipsas
772 2900 983 2976 sentencias
1007 2923 1074 3001 per
1098 2911 1206 2973 totam
1232 2899 1451 2998 provinciam
1476 2900 1558 2974 Pol
1567 2902 1668 2976 onie
1699 2925 1765 3001 per
1790 2921 1947 2978 venera-
1998 2917 2075 2988 tneo,

259 3003 352 3080 biles
376 3015 502 3105 patres
528 3015 673 3078 nostros
691 3003 851 3104 archiep.
870 3003 1181 3079 Grreznensem
1208 3015 1246 3076 et
1271 3023 1359 3075 snos
1387 3003 1638 3102 suffraganeos
1662 3004 1819 3124 pulsatis
1846 3025 1946 3079 cam·
1975 2991 2000 3044 ⁴·
2012 2993 2114 3056 ΜΡΝ·

258 3107 375 3209 panis,
402 3108 573 3183 acconem
600 3105 766 3182 candelis
791 3107 951 3180 innovari
977 3105 1130 3204 singolis
1154 3101 1285 3178 diebus
1312 3101 1498 3179 dominicis
1526 3115 1562 3180 et
1588 3105 1732 3178 festivis
1745 3107 1784 3194 ¹).
1838 3105 1946 3179 lllisi·

258 3235 336 3285 mus
360 3225 533 3312 preterea
554 3233 621 3312 per
645 3212 756 3286 virum
782 3209 999 3309 religiosum,
1031 3205 1219 3284 custodem
1246 3205 1294 3284 de
1321 3205 1508 3283 Strelna
1534 3204 1669 3282 ordinis
1694 3209 1946 3282 Premorrstra-

257 3316 385 3405 tensis,
412 3315 554 3389 litteras
580 3337 660 3390 com
678 3311 787 3390 dictis
815 3312 1012 3389 sentenciis
1037 3313 1073 3388 in
1099 3307 1444 3387 Wratialauiam
1469 3311 1654 3412 preposito
1682 3319 1720 3386 et
1745 3310 1851 3410 priori
1877 3307 1946 3384 do-

257 3438 335 3493 mus
371 3443 403 3491 s.
434 3415 676 3494 Vincenoii
709 3413 844 3492 ordinis
870 3416 1217 3492 Premonstratensis
1250 3425 1288 3490 et
1322 3411 1520 3512 guardiano
1548 3425 1586 3489 et
1611 3413 1800 3489 conventui
1826 3412 1947 3487 blino·

258 3545 332 3596 run
358 3520 499 3597 ibidem.
551 3519 620 3610 Qui
647 3519 697 3596 de
721 3522 883 3596 vanitate
908 3520 1167 3595 convenientes
1191 3519 1227 3593 in
1252 3515 1417 3617 idipsum,
1444 3537 1514 3592 non
1540 3516 1654 3593 solum
1678 3525 1824 3591 nostras
1849 3515 1947 3591 litte-

257 3649 321 3702 ras
347 3635 385 3700 et
410 3619 579 3700 mandata
603 3647 719 3726 ymmo
744 3624 874 3724 pocius
896 3621 998 3699 sedis
1017 3623 1219 3724 apostolice
1246 3631 1551 3721 contempnentes,
1577 3620 1718 3695 litteras
1745 3641 1813 3693 non
1838 3641 1947 3694 rece·

257 3739 395 3832 petunt,
422 3739 461 3804 ct
485 3729 520 3802 iu
548 3727 721 3802 altaribus
748 3724 956 3828 depositas,
983 3727 1134 3828 turpiter
1157 3727 1386 3825 abjecerunt,
1413 3723 1589 3825 premisso
1616 3720 1702 3798 duci
1726 3723 1762 3796 in
1789 3721 1948 3796 omnibus

258 3833 572 3910 communicantes.
627 3835 677 3904 lar
698 3857 770 3928 per
793 3845 904 3906 totum
929 3837 1131 3906 dominium
1156 3835 1250 3904 dicti
1273 3835 1382 3903 ducis
1406 3833 1538 3902 domus
1552 3829 1725 3924 scutrum
1751 3827 1948 3906 Minorem,

258 3942 552 4012 ecelesiasticam
571 3939 802 4008 interdictum
818 3947 1130 4032 contempnentes,
1157 3937 1286 4007 divine
1303 3934 1496 4006 celebrant
1510 3937 1607 4004 sicut
1621 3933 1736 4024 prins.
1783 3925 1949 4022 Denique

260 4061 351 4113 unns
369 4061 417 4114 ex
435 4037 550 4128 nobis,
579 4059 662 4136 ego,
688 4037 715 4112 J
723 4036 925 4112 ohannes
950 4033 1363 4133 Ponnaniensisep.
1382 4023 1431 4106 ad
1456 4033 1571 4132 ipsum
1594 4028 1723 4105 ducem
1749 4025 1949 4116 accedens,

259 4163 469 4242 processu·
496 4149 653 4216 nostrum
680 4149 805 4216 contra
830 4141 947 4240 ipsum
973 4139 1098 4238 aperui
1122 4137 1208 4212 vira
1232 4157 1339 4227 voce,
1367 4135 1562 4209 consulens
1589 4125 1717 4222 eidem,
1742 4139 1781 4204 ut
1806 4127 1856 4204 ad
1883 4150 1949 4205 ec·

261 4245 377 4322 clesie
403 4243 533 4321 redeat
557 4244 738 4320 unitatem.
819 4239 943 4332 erod,
974 4239 1064 4316 licet
1088 4240 1213 4315 verbis
1246 4237 1466 4313 satisfacere
1491 4234 1709 4335 promiserit,
1743 4255 1855 4334 opere
1881 4250 1950 4306 non

259 4349 428 4450 implevit,
456 4346 527 4423 sed
543 4352 671 4448 pejora
687 4345 864 4448 prioribus
890 4343 1134 4434 accumulans,
1157 4341 1292 4416 Wrat.
1313 4338 1509 4415 ecclesiam
1530 4337 1762 4412 incessanter
1785 4333 1950 4433 affligere

260 4461 516 4543 muneretur,
549 4451 607 4526 cui
632 4451 701 4526 nisi
726 4473 793 4551 per
816 4461 941 4526 vestre
967 4445 1171 4524 sanctitatis
1196 4440 1464 4546 providenciam
1490 4449 1736 4530 succurratur,
1770 4457 1839 4512 non
1866 4435 1949 4511 adi·

261 4556 334 4631 ciet
365 4565 406 4628 ut
437 4565 624 4652 resurgat,
667 4553 765 4628 multi
798 4553 890 4628 enim
924 4548 1042 4626 ducos
1073 4546 1268 4624 Polonie
1285 4545 1336 4636 ⁹),
1380 4543 1568 4646 presertim
1596 4540 1853 4641 consanguinei
1879 4539 1947 4630 sui,

281 4883 284 4888 ·
307 4864 339 4942 t)
364 4859 397 4922 S.
419 4857 459 4923 N.
481 4857 560 4926 CCI.

304 4983 338 5058 l)
367 4974 470 5065 Vergl.
492 4975 532 5040 N.
554 4973 645 5039 CCV.
