4660 5762
700 509 911 586 Urbuadea
967 507 1147 584 oexrrr.
1177 507 1342 582 (ΗΝ.
1374 499 1522 582 OEXK'
1876 512 1956 588 ult

296 793 304 802 ,
364 708 546 810 Ejusdem
573 712 709 790 boonis
735 709 784 788 de
808 689 922 788 verbo
948 709 998 788 ad
1021 711 1166 788 verbnm
1194 709 1361 788 scribitur
1384 707 1478 786 dora.
1504 709 1703 790 Jordauu
1732 713 1785 790 tit.
1813 739 1844 792 s.
1871 715 1955 792 Eu·
1988 731 2106 791 cunr.

261 813 395 892 staclrii
413 813 581 915 dyacono
598 813 775 892 cardinali
792 812 973 915 usquead
990 815 1106 893 locum
1127 813 1285 911 (suto,
1303 813 1384 888 M
1398 839 1432 888 r.
1443 817 1515 911 u.):
1533 823 1655 901 ‚mode
1672 845 1756 892 am
1774 825 1876 894 sitifi
1895 819 1955 920 qai
1969 815 2083 942 133⁷,

259 918 318 996 sic
343 928 511 994 mutatur:
544 917 639 996 nnde
672 941 753 995 cum
785 917 1023 996 ecclesiarum
1048 919 1167 996 meins
1198 917 1296 992 orbis
1327 915 1495 992 defensio
1527 915 1577 992 ad
1602 943 1672 994 vos
1698 945 1719 994 s
1767 933 1842 997 etet
1867 947 1953 1023 pro·
2032 901 2123 944 ω’

258 1035 341 1124 pter
373 1019 479 1098 deum
510 1019 702 1121 dignemini
735 1045 919 1122 apponere
958 1031 1110 1098 mentem
1143 1031 1301 1096 rostram
1338 1032 1410 1096 tam
1443 1017 1689 1098 deecclesia
1769 1023 1955 1102 serrdeuda

260 1149 364 1226 qnam
390 1123 439 1203 de
464 1123 640 1226 predictis
666 1124 837 1232 iratribus
863 1121 1154 1226 compescendis.

363 1532 466 1626 ltenr,
492 1530 633 1610 domim
659 1532 885 1608 llirmano:
1986 1557 2103 1612 uentu.

365 1634 429 1712 Ad
453 1637 703 1739 paternitatem
727 1647 887 1711 vestram
917 1633 1131 1712 recurrimus
1156 1658 1237 1712 cnm
1263 1635 1450 1714 anxietate
1476 1637 1580 1712 animi
1607 1635 1830 1730 deferentes,
1857 1635 1952 1736 quod
2003 1639 2082 1712 ¹2⁸⁷,

259 1739 355 1816 dom.
381 1740 578 1816 lleuricu
588 1765 621 1830 s,
657 1737 734 1814 dux
759 1739 912 1830 Wrat,
939 1737 1022 1837 quia
1047 1762 1115 1814 uos
1141 1763 1212 1814 urna
1238 1762 1317 1816 cnm
1344 1739 1501 1841 capitulo
1526 1739 1781 1816 insistebamus
1807 1741 1951 1818 arbitrio
1967 1707 2121 1769 mm·

260 1867 327 1944 per
357 1853 516 1920 vestram
540 1840 804 1919 discreeiouem
836 1865 902 1944 pro
935 1840 1100 1918 ecclesia
1124 1841 1366 1942 promulgato,
1400 1843 1458 1919 cui
1489 1853 1529 1917 ut
1554 1843 1843 1921 renunciaremns
1876 1843 1952 1920 dux

261 1946 365 2023 nobis
392 1947 517 2048 sepius
543 1945 669 2020 institit
694 1956 921 2036 memoratus,
948 1945 1053 2044 gravi
1076 1945 1132 2020 ira
1156 1955 1434 2037 commutasse
1460 1943 1556 2044 quod
1571 1947 1607 2020 in
1633 1945 1704 2022 hoc
1730 1971 1798 2024 sue
1822 1947 1952 2022 volnu-

261 2051 327 2125 tati
351 2073 482 2151 parere
508 2048 695 2140 noluimus,
714 2059 794 2124 tam
818 2048 1027 2124 territorium
1062 2046 1438 2125 Otmuobouieuse
1471 2072 1550 2124 cum
1585 2049 1730 2142 castris,
1764 2049 1887 2149 burgis
1914 2061 1953 2126 et

260 2153 343 2230 aliis
369 2151 677 2254 possessionibus,
704 2175 770 2252 per
796 2149 891 2251 quod
916 2175 984 2226 vos
1001 2151 1193 2242 transistis,
1220 2149 1316 2249 qrrod
1341 2162 1401 2228 est
1426 2151 1666 2252 patrimonium
1683 2162 1807 2230 nostre
1824 2153 1952 2230 eccle-

254 2255 318 2333 'sie
352 2254 536 2357 speciale,
563 2279 666 2354 quam
694 2255 809 2330 eciam
835 2255 969 2352 burgos
996 2264 1033 2330 et
1053 2252 1180 2346 villas,
1206 2255 1468 2354 possessiones
1494 2255 1589 2330 alias
1614 2279 1754 2334 necnon
1781 2267 1820 2334 et
1845 2254 1952 2334 deci·

261 2381 340 2434 mas
366 2368 403 2434 et
422 2361 509 2458 jura
533 2357 757 2458 pertinencia
781 2368 852 2432 mm
879 2354 928 2432 nd
959 2381 1155 2457 nosquam
1182 2357 1372 2458 capitulum
1399 2369 1567 2450 nostrum,
1595 2358 1788 2458 religiosos
1822 2370 1860 2436 et
1885 2383 1951 2436 se·

261 2461 406 2538 culares
433 2460 590 2537 clericos
616 2461 650 2534 in
678 2457 843 2560 ejusdem
869 2458 974 2536 ducis
1001 2457 1154 2536 dominio
1180 2461 1375 2536 constituta
1400 2461 1594 2562 occuparit
1609 2486 1675 2562 per
1692 2487 1793 2538 suam
1810 2462 1951 2540 violen-

261 2564 353 2641 ciam
387 2574 425 2640 et
450 2561 571 2640 adbuc
598 2561 736 2640 detinet
768 2576 967 2664 occupata,
1001 2573 1039 2640 et
1070 2563 1159 2640 licet
1183 2563 1229 2640 ob
1262 2561 1449 2664 predictas
1476 2588 1612 2653 causes
1638 2566 1847 2644 sensuimus
1880 2587 1951 2642 ex·
2024 2639 2029 2646 .

164 2731 172 2746 ,
260 2665 596 2744 communicaciouis
640 2675 678 2742 et
718 2665 898 2744 interdicti
938 2667 973 2740 in
1008 2689 1089 2742 eum
1123 2677 1161 2742 et
1195 2677 1323 2742 terram
1349 2691 1451 2742 snam
1485 2667 1658 2767 legittime
1694 2669 1878 2744 tulerimus
1914 2677 1952 2744 et

103 2855 107 2858 ,
260 2768 390 2848 eedem
424 2769 613 2846 sentencie
647 2769 853 2846 confirmate
886 2769 958 2844 sint
1094 2769 1226 2869 primus
1257 2777 1296 2844 et
1329 2767 1514 2846 secundos
1547 2781 1768 2848 executores
1800 2796 1825 2846 a
1857 2767 1951 2848 sede

261 2873 464 2976 apostolica
489 2870 703 2974 deputatos,
736 2873 817 2973 ipse
843 2881 962 2949 tamen
988 2793 1065 2948 dull
1091 2881 1129 2948 et
1154 2871 1462 2948 continuacionem
1497 2883 1535 2950 et
1560 2873 1771 2950 sentencias
1796 2873 1951 2974 vilipen-

262 2974 331 3066 dit,
359 2976 498 3054 eicieus
523 3001 591 3052 nos
617 2987 656 3052 et
681 2976 878 3052 canonicos
902 2983 1047 3050 nostrus
1073 2972 1122 3051 de
1147 2972 1242 3051 sede
1267 2983 1401 3066 nossa,
1429 2974 1623 3074 religiosos
1649 2985 1687 3051 et
1719 2975 1813 3050 alios
1840 2975 1951 3052 cleri·

263 3103 330 3155 cos
356 3078 605 3156 obedienciam
629 3089 833 3168 sementes,
858 3078 999 3152 intrusit
1023 3074 1197 3177 quosdam
1219 3099 1418 3178 perversus
1443 3077 1478 3151 in
1503 3077 1588 3154 loca
1611 3087 1650 3153 et
1665 3076 1851 3153 ecclesias
1868 3081 1951 3176 eje·

263 3197 407 3259 merum.
460 3179 568 3259 Unde
592 3190 718 3258 vestre
744 3181 871 3280 gracie
896 3181 1152 3282 supplicamus,
1179 3191 1356 3280 qnatenus
1382 3179 1478 3256 sicin
1502 3203 1569 3254 uus
1596 3188 1635 3254 et
1660 3178 1858 3256 ecclesiam
1883 3202 1951 3254 no-

261 3301 372 3362 stram
397 3310 447 3363 ex
474 3285 696 3384 benignitate
720 3295 847 3360 restra
871 3295 1065 3385 protegere
1090 3283 1280 3386 incepistis
1306 3283 1513 3361 continuare
1539 3281 1730 3381 dignemini
1758 3291 1796 3358 et
1819 3303 1952 3380 rogare

262 3389 449 3492 speciales
470 3387 632 3464 dominos
657 3397 814 3480 nostros,
840 3386 986 3464 fratrem
1003 3387 1208 3464 [uotiuum
1234 3395 1272 3466 ct
1297 3384 1390 3462 dom.
1407 3383 1644 3462 Jordanum
1667 3381 1887 3477 cardinales,
1915 3393 1954 3460 ot

261 3493 410 3594 placeat
442 3494 499 3569 eis
531 3491 636 3566 vobis
669 3489 906 3568 mediantibus
932 3488 1138 3584 intendere,
1152 3489 1267 3590 'quud
1293 3489 1459 3568 ecclesia
1485 3488 1643 3588 gravitm
1670 3489 1860 3565 submersa
1885 3511 1951 3564 eo·

262 3623 337 3672 rum
362 3593 542 3696 adjutorio
567 3595 602 3670 iu
629 3606 760 3670 statum
785 3593 967 3696 pristinum
994 3593 1214 3670 reformetur.
1274 3592 1327 3670 Et
1360 3593 1523 3692 quoniam
1556 3591 1688 3668 iratres
1714 3592 1876 3668 Minores
1903 3587 1952 3668 de

262 3711 413 3802 quatuor
437 3697 673 3776 conventibus
698 3695 849 3774 indicti
867 3695 974 3775 ducis
999 3695 1153 3774 dominio
1179 3697 1382 3774 constitutis
1409 3707 1446 3771 et
1462 3695 1578 3770 abbas
1605 3719 1636 3770 s.
1655 3694 1848 3773 Vinceucii
1873 3717 1952 3770 ma·

263 3805 359 3880 xime
385 3816 468 3878 snut
501 3800 652 3878 occasio
678 3797 944 3880 destruccioris
978 3801 1154 3894 ecclesie,
1188 3825 1235 3878 eo
1261 3798 1357 3900 quod
1382 3809 1527 3874 nostras
1552 3797 1763 3874 sentencias
1788 3821 1857 3874 non
1884 3797 1951 3872 ob·-

263 3916 422 3999 servant,
449 3904 541 4007 ipsis
567 3902 718 3979 dominis
745 3902 989 3981 cardinalibus
1013 3915 1051 3981 et
1066 3905 1172 3980 vobis
1196 3904 1344 4004 placeat
1368 3899 1567 3992 intendere,
1594 3899 1690 4000 quod
1711 3899 1868 4002 ipsorum
1893 3901 1951 3974 in-
2089 3921 2092 3926 ·

264 4010 430 4087 selencia
467 4032 534 4110 per
564 4004 692 4083 sedem
722 4008 960 4109 apostolicam
993 4017 1263 4108 compescatur,
1302 4004 1447 4078 tirmiter
1479 4005 1572 4079 enim
1603 3999 1783 4080 credimus
1822 3999 1952 4102 quodsi

264 4111 437 4215 predictis
464 4111 632 4186 iratribus
659 4119 697 4186 et
722 4110 843 4186 abbati
869 4107 1096 4186 mundaretur
1120 4121 1158 4184 nt
1174 4103 1377 4184 mandatnm
1394 4117 1627 4182 executurum
1645 4117 1684 4183 et
1701 4115 1844 4180 nostras
1862 4128 1951 4182 sen-

153 4309 156 4317 ,
264 4217 406 4293 mucias
432 4216 680 4306 observarent,
708 4211 784 4288 dux
807 4213 901 4290 lorte
928 4213 1207 4314 compunccioue
1232 4208 1363 4287 ductus
1389 4207 1653 4286 satisfaccione
1686 4207 1864 4308 premissa
1890 4229 1950 4286 re·

105 4321 112 4328 ’
263 4317 357 4398 diret
383 4316 432 4395 ad
457 4317 620 4396 ecclesie
646 4317 826 4393 unitatem.

367 4726 474 4819 ltem,
499 4724 600 4802 fratri
624 4727 859 4826 Bogunlao
882 4722 1140 4827 penitencinrio
1166 4720 1259 4799 dom.
1280 4747 1394 4826 pape:
1990 4728 2096 4786 ccxv.

367 4830 582 4908 Paterniteti
606 4841 730 4908 vestre
756 4855 847 4931 quas
871 4853 1064 4932 possumus
1097 4827 1298 4928 graciam
1332 4825 1521 4904 referimus
1554 4825 1746 4915 melonem
1779 4819 1864 4921 quia
1887 4843 1952 4922 pro
1968 4811 2122 4940 lfflpm

266 4935 420 5034 negocio
452 4933 616 5012 ecclesie
647 4944 771 5010 nostre
802 4946 874 5011 tam
909 4933 1009 5012 circa
1040 4929 1133 5008 dom.
1165 4929 1400 5033 apostolicum
1427 4953 1531 5030 qnam
1557 4924 1719 5110 dominpp
1745 4921 1952 5004 cardinales
