4594 5774
400 505 479 586 HC
1020 505 1232 582 Urbanum
1286 503 1463 580 OEHII.

400 737 493 793 aar.
544 708 638 790 ceu
664 709 817 786 anobis
841 707 974 810 petitur
996 705 1093 809 quod
1112 711 1250 808 justum
1284 717 1345 784 cst
1375 717 1414 786 et
1442 707 1649 800 honestior,
1683 717 1756 784 mm
1786 707 1892 807 vigor
1922 707 2094 808 cedetis

425 817 507 892 bam
532 813 622 891 ordo
648 813 764 912 exigit
787 813 948 906 rationis,
974 823 1014 888 ut
1038 809 1076 886 id
1101 836 1168 912 per
1192 809 1468 896 sollicitudinem
1494 811 1596 887 offitii
1620 811 1733 886 nostri
1757 807 1808 886 ad
1824 809 1982 888 debitum

453 929 556 998 eamr
581 918 758 994 ellectum.
810 915 914 993 Sane
939 916 1065 1018 petitio
1090 925 1217 992 vestra
1242 915 1345 990 nobis
1370 914 1533 993 exhibita
1558 916 1775 1006 continebat,
1803 913 1898 1015 quod
1916 937 1985 1014 quo

401 1021 641 1113 Henricus,
675 1018 752 1095 dux
779 1019 952 1113 Slesie,
984 1017 1213 1098 Oracouie
1240 1029 1279 1094 et
1303 1017 1612 1110 Sandomirie,
1639 1019 1675 1094 iu
1702 1023 1810 1118 cujus
1842 1017 1995 1096 dominio
2026 1043 2094 1096 sett

403 1125 537 1204 ducatu
556 1125 722 1202 ecclesia
738 1123 1146 1200 Wratislauieusis
1171 1123 1349 1214 consistit,
1376 1119 1571 1222 diligenter
1588 1119 1794 1214 abandons,
1812 1120 1908 1222 qood
1925 1134 1997 1198 tam
2013 1123 2096 1226 ipse

404 1255 508 1332 quam
532 1228 783 1329 progenitores
809 1228 866 1303 sui
890 1228 997 1302 vobis
1023 1237 1060 1302 et
1086 1224 1204 1304 eidem
1230 1225 1395 1302 ecclesie
1420 1227 1456 1300 in
1482 1226 1618 1302 vestris
1645 1236 1683 1302 et
1700 1233 1820 1324 ipsius
1838 1226 2003 1303 ecclesie
2028 1227 2095 1302 bo-

403 1333 462 1409 nis
488 1330 644 1434 dampna
668 1355 772 1432 quam
796 1329 947 1434 plurima
970 1330 1171 1430 irrogarant
1203 1340 1241 1406 et
1265 1329 1395 1406 voleus
1428 1353 1494 1430 pro
1528 1331 1621 1416 bouo
1646 1329 1880 1407 consciencie
1906 1355 1953 1408 uc
1979 1331 2095 1407 anime

404 1460 472 1514 sue
498 1431 657 1512 remedio
683 1435 832 1512 salutari
857 1435 963 1510 vobis
989 1443 1027 1510 et
1052 1432 1170 1509 eidem
1194 1433 1358 1509 ecclesie
1384 1444 1530 1533 propter
1545 1433 1617 1510 lroc
1643 1433 2011 1534 recompensatorem
2035 1433 2095 1510 l'a·

404 1561 493 1617 cere
505 1549 771 1638 congruentem,
798 1538 958 1614 omnibns
1030 1534 1138 1638 pidis,
1166 1535 1259 1612 vicis
1286 1545 1324 1612 et
1340 1535 1448 1627 villis,
1476 1536 1772 1636 possessionibus
1798 1547 1836 1612 et
1859 1535 1998 1638 prediis
2023 1548 2096 1614 tum

403 1649 552 1717 rusttcr'o
569 1671 680 1741 quum
698 1647 851 1716 arbusto
867 1639 916 1716 od
942 1639 1141 1720 eccesiam
1166 1640 1281 1741 ipssm
1308 1639 1559 1741 spectantibus
1576 1637 1680 1718 dedit
1705 1649 1743 1716 et
1760 1641 1948 1716 concessit
1971 1640 2034 1742 pia
2058 1653 2097 1718 et

403 1741 556 1846 provida
580 1743 815 1836 liberalitate,
844 1756 946 1845 prout
971 1745 1165 1845 spectabat
1190 1741 1240 1818 ad
1266 1767 1364 1836 eom,
1387 1767 1528 1844 puram,
1561 1743 1759 1844 perfectam
1787 1753 1824 1820 et
1847 1744 2023 1844 integrum
2048 1744 2096 1820 li·

403 1849 589 1941 hommem,
618 1861 656 1926 et
680 1873 728 1924 ea
752 1848 869 1923 omnia
894 1860 932 1923 et
958 1848 1113 1948 singula,
1141 1857 1178 1922 et
1196 1845 1398 1948 spetialiter
1414 1871 1461 1923 ac
1478 1845 1678 1922 nominatim
1696 1857 1826 1922 terram
1846 1847 2095 1924 Nineusem
2247 1855 2251 1872 '

405 1961 444 2028 et
474 1956 822 2028 Otmncbouteusem
855 1946 995 2028 necnon
1028 1951 1170 2027 etalio
1204 1951 1466 2028 ecclesiastica
1503 1951 1598 2026 buna
1627 1949 1722 2025 infra
1745 1949 2096 2028 Wratislauieu·

405 2079 498 2130 seru
521 2052 696 2134 diocesim
731 2055 926 2131 constituta
951 2065 990 2131 et
1015 2052 1065 2128 ad
1094 2053 1271 2155 prefatam
1296 2053 1492 2130 ecclesiam
1517 2053 1743 2154 pertinentia,
1770 2055 1817 2130 ab
1834 2055 1996 2130 omnibus
2012 2077 2095 2132 scr-

404 2157 501 2234 vitiis
526 2157 834 2235 Tbeutbonici
861 2169 969 2258 atque
993 2157 1195 2233 Polouioi
1215 2157 1322 2257 juris,
1350 2169 1387 2234 et
1404 2158 1450 2232 ab
1475 2159 1635 2232 omuibus
1661 2157 1821 2256 augariis
1849 2169 1888 2234 et
1911 2181 2095 2260 perungo-

403 2261 479 2354 riis,
494 2259 661 2340 collcctio
678 2276 715 2337 ct
731 2267 979 2368 vectigalibus
995 2289 1043 2336 uc
1060 2265 1110 2358 ub
1130 2267 1218 2336 aliis
1235 2265 1521 2360 quibuscumque
1546 2289 1697 2335 onerum
1716 2285 1782 2336 seu
1801 2262 2009 2338 servitutum
2026 2285 2095 2338 vtt-

404 2365 622 2458 xttionibus,
650 2387 870 2465 quocumque
896 2365 1035 2440 nomine
1059 2375 1288 2454 censeantur,
1316 2364 1451 2452 exemit
1476 2364 1617 2464 penitus
1642 2376 1680 2439 et
1696 2365 1804 2440 etiam
1829 2365 2006 2456 liberavit,
2033 2389 2094 2442 re-

404 2468 569 2544 nuntians
596 2479 730 2544 extunc
756 2493 819 2568 pro
846 2491 890 2544 se
916 2493 962 2544 ac
988 2466 1183 2544 heredibus
1208 2478 1246 2544 et
1271 2467 1550 2545 successoribus
1574 2466 1652 2541 sois
1671 2465 1915 2566 jurisdictioni
1941 2491 1988 2546 ac
2008 2469 2094 2569 juri,

404 2565 502 2669 quod
527 2569 596 2646 sibi
623 2581 661 2647 et
685 2569 759 2646 illis
784 2571 922 2647 ratione
948 2577 1103 2646 dominii
1131 2599 1198 2646 seu
1223 2577 1383 2650 ducatus
1404 2575 1639 2668 competebat
1660 2580 1720 2646 uel
1740 2585 1867 2668 posset
1885 2587 2095 2670 competere

342 2747 345 2754 ,
403 2672 442 2748 iu
467 2671 618 2750 eisdem,
670 2675 731 2749 Ac
756 2673 1003 2752 nichilominus
1028 2673 1191 2774 prelatos
1217 2674 1304 2748 Dux
1328 2673 1435 2748 robis
1454 2683 1492 2749 et
1513 2697 1665 2774 perros
1692 2671 1810 2750 eidem
1835 2675 2001 2753 ecclesie
2024 2671 2093 2750 do-

404 2775 563 2870 minium,
589 2775 877 2876 jurisdictionem
904 2787 942 2854 et
965 2787 1181 2878 potestatem
1207 2801 1274 2852 seu
1301 2775 1510 2853 facultatem
1542 2777 1689 2875 majoris
1715 2775 1858 2856 dominii
1882 2777 1917 2854 in
1944 2778 2092 2878 sangoi-

404 2903 484 2954 num
512 2889 550 2955 et
575 2880 657 2955 aliis
682 2883 877 2980 majoribus
903 2881 1047 2973 cattsis,
1076 2905 1145 2982 que
1161 2883 1232 2978 juo
1256 2886 1393 2954 ducale
1413 2907 1480 2954 seu
1502 2886 1611 2954 ducis
1633 2888 1671 2954 iu
1687 2887 1840 2980 oppidis
1855 2889 1957 2974 vicis,
1981 2881 2091 2972 villis,

405 2993 513 3076 terra,
539 2984 837 3085 possessionibus
864 2995 901 3060 et
925 2982 1062 3085 prediis
1080 2981 1300 3084 supradictis
1316 2982 1495 3059 hactenus
1513 2983 1779 3082 contingebant,
1797 2984 2013 3062 liberalitate
2039 2985 2094 3060 si·

403 3091 481 3160 miti
499 3093 650 3162 contulit
666 3095 823 3162 ecclesie
842 3102 1055 3175 memorate,
1081 3087 1210 3166 voleus
1237 3099 1275 3164 et
1299 3111 1481 3188 expresse
1508 3085 1730 3178 concedens,
1758 3099 1795 3162 ot
1812 3099 1848 3162 tu
1875 3089 1990 3165 irater
2014 3087 2093 3192 epi·

404 3211 521 3289 scope
553 3189 673 3289 tuique
712 3215 955 3268 successores
988 3191 1024 3266 in
1063 3188 1229 3292 predicta
1266 3201 1364 3266 terra
1400 3191 1437 3265 N
1444 3190 1594 3266 inensi
1630 3201 1667 3266 et
1693 3195 1995 3268 Otmoobom'eum‘
2027 3221 2093 3268 ou-

404 3297 521 3368 deudi
543 3307 580 3366 et
597 3298 776 3388 faciendi
800 3309 984 3370 monetam
1017 3317 1063 3369 ac
1089 3293 1124 3367 in
1151 3293 1277 3369 causis
1304 3291 1497 3392 judicandi
1529 3292 1680 3393 prelatis
1707 3294 1902 3395 plenariam
1927 3307 2094 3398 potesta-

403 3405 494 3486 tem,
529 3407 566 3470 et
591 3395 626 3468 in
650 3395 723 3468 illis
748 3396 890 3494 plenum
916 3395 1120 3486 domitium,
1155 3419 1203 3471 ac
1231 3395 1431 3495 perlectum
1448 3399 1536 3491 jum
1569 3394 1665 3495 quod
1698 3398 1836 3474 ratione
1863 3396 2018 3476 ducatus
2044 3395 2093 3474 ad

404 3493 535 3572 ducem
560 3497 761 3598 pertinebat
786 3496 950 3591 eundem,
978 3499 1093 3574 libere
1117 3497 1303 3593 habende,
1331 3522 1377 3574 ac
1403 3497 1546 3576 faciens
1572 3523 1640 3576 vos
1674 3501 1849 3602 episcope
1884 3514 1922 3578 et
1954 3501 2094 3603 capitu·

404 3595 476 3674 lum
492 3598 620 3698 ipsius,
645 3607 803 3675 ecclesie
821 3608 976 3686 nomine,
994 3608 1032 3674 iu
1050 3609 1282 3700 corporalem
1300 3609 1428 3676 induci
1450 3604 1721 3702 possessiouem
1739 3604 1801 3679 vel
1819 3606 1923 3704 quasi
1947 3606 2093 3681 omnium

377 3699 656 3803 ‘predictorum
709 3701 962 3778 Baodlouiz
988 3728 1127 3804 quoque
1155 3727 1233 3782 cum
1259 3713 1334 3781 toto
1361 3701 1545 3796 districto,
1573 3730 1675 3806 quem
1701 3708 1806 3782 vobis
1856 3708 1995 3784 relatus
2020 3705 2093 3784 dux

405 3803 606 3880 abstulerat
636 3804 830 3899 violenter,
864 3829 922 3883 ac·
944 3806 1018 3882 alia
1048 3809 1142 3892 bone
1172 3833 1240 3910 per
1270 3805 1447 3909 quondam
1486 3819 1625 3909 patrem
1657 3819 1695 3884 et
1720 3733 1902 3908 'quondam
1934 3822 2092 3912 patruum

405 3931 507 3982 suum
534 3931 583 3990 ao
607 3907 722 3984 eciam
747 3933 813 4012 per
837 3910 952 4012 ipsum
979 3909 1107 3992 ducem
1134 3917 1296 3987 indebite
1321 3926 1504 4010 occupatu
1529 3919 1640 4010 plene
1667 3941 1714 3987 oc
1731 3915 1872 4014 integre
1899 3914 2093 3992 cumomni

400 4013 498 4112 jure,
526 4010 621 4086 sicot
644 4013 890 4088 noscebamini
906 4013 1085 4090 hactenus
1110 4013 1316 4118 possidere,
1340 4013 1445 4089 vobis
1472 4015 1663 4092 restituere
1688 4019 1905 4118 procuravit,
1931 4030 2035 4138 prout
2057 4018 2092 4092 iu

400 4119 617 4212 potentibus
631 4112 870 4193 litteris-inde
897 4117 1076 4194 conlectis
1103 4129 1141 4194 et
1165 4117 1281 4219 ipsius
1308 4115 1413 4193 ducis
1440 4119 1663 4220 appensione
1689 4119 1800 4219 sigilli
1827 4121 1986 4214 monitus,
2013 4121 2092 4223 ple-

404 4216 485 4291 nius
511 4215 640 4295 dicitur
665 4219 849 4296 contineri.
884 4221 968 4296 Nos
993 4221 1125 4321 itaque,
1149 4221 1284 4298 vestris
1310 4220 1631 4324 supplicationibus
1657 4229 1845 4311 inclinati,
1871 4231 1969 4324 qood
1985 4247 2094 4326 super

405 4315 476 4396 hoc
501 4318 635 4398 factum
661 4333 721 4397 est
745 4333 857 4398 ratum
885 4335 923 4400 et
944 4324 1077 4400 firmum
1101 4323 1292 4416 habentes,
1318 4322 1358 4400 id
1375 4326 1589 4404 auctoritate
1620 4327 1825 4425 apostolica
1849 4327 2092 4404 confirmamus

407 4427 444 4495 et
468 4423 651 4522 presentis
676 4425 801 4528 scripti
826 4427 1026 4526 patrocinio
1053 4429 1316 4520 communimus,
1342 4440 1501 4506 tenorem
1525 4429 1718 4504 litterarum
1744 4431 1900 4532 ipsarum
1919 4429 1968 4508 de
1983 4431 2093 4508 verbo

407 4519 456 4596 ud
479 4525 625 4602 verbum
645 4527 880 4628 presentibus
905 4530 1017 4607 inseri
1041 4529 1234 4625 facientes,
1262 4531 1321 4634 qui
1346 4531 1431 4608 talis
1458 4542 1527 4608 est.
1581 4531 1622 4604 lo
1655 4533 1797 4613 nomine
1821 4532 1950 4612 domiui
1979 4557 2092 4611 amem

511 4776 674 4878 manduit
694 4791 727 4845 et
746 4777 840 4872 sigilli
861 4781 909 4846 sui
930 4781 1127 4880 appensione
1151 4783 1352 4850 communiri.
1417 4784 1531 4848 Actum
1553 4783 1777 4867 Wrotislauie,
1803 4787 1837 4850 iu
1864 4786 1962 4853 domo
1987 4797 2094 4854 nostre

511 4857 731 4961 habrtacrouis,
752 4885 838 4933 auno
853 4865 975 4932 domim
996 4863 1164 4935 millesimo
1183 4868 1404 4934 trecentesimo
1424 4871 1618 4961 sexagesimo
1632 4891 1730 4954 nuno,
1751 4871 1930 4940 indiccione
1952 4872 2095 4964 septimo,

513 4942 566 5010 dre
584 4948 732 5016 mcesima
751 4951 850 5018 turcia
872 4951 986 5018 mensis
1007 4949 1187 5035 Februarii,
1208 4951 1290 5020 hora
1309 4952 1487 5044 primu-um
1506 4953 1556 5022 vel
1577 4955 1676 5042 quusi.
