4594 5774
969 487 1193 570 Urlrmden:
1223 485 1542 561 sermm

1080 785 1439 876 conxxxvfl.

424 981 750 1042 lotrrlttdmtrrrmert
771 983 843 1040 lber
865 981 911 1040 tte
934 979 1130 1040 imtertatlor
1152 979 1203 1037 tor
1225 977 1379 1036 lmrlaror
1399 973 1609 1050 bomoapltelt,
1633 988 1726 1047 sogor
1748 975 1795 1035 llo
1818 973 2020 1050 lluolrnmg
2042 975 2095 1034 ter

761 1081 844 1144 root
865 1081 1005 1142 tlmttkar
1027 1081 1118 1139 orror
1140 1081 1195 1139 tm
1216 1078 1326 1152 lemos
1346 1077 1436 1136 lolio
1459 1089 1514 1138 ror
1536 1075 1738 1136 terrulenta.

835 1233 894 1280 Ans
913 1232 970 1280 dem
989 1229 1120 1296 originale
1138 1230 1171 1278 ira
1189 1229 1306 1278 Archiou
1324 1230 1372 1278 tlon
1389 1229 1573 1290 Donoapltelr.
1602 1227 1635 1278 Y.
1652 1223 1678 1278 ³.

516 1367 555 1440 lu
581 1366 721 1441 nomine
748 1363 877 1440 domini
904 1387 1019 1439 amen.
1073 1361 1151 1438 Sub
1178 1385 1270 1436 anno
1296 1361 1493 1436 nativitatis
1520 1359 1686 1462 ejusdem
1711 1361 1897 1437 millesimo
1922 1373 2110 1436 trecente-

413 1472 502 1546 simo
530 1469 776 1568 sexagesimo,
804 1466 985 1544 indicione
1011 1463 1118 1548 xsst,
1145 1465 1194 1538 ll.
1222 1463 1305 1539 idus
1323 1465 1524 1558 Februarii,
1552 1465 1641 1541 hora
1658 1465 1761 1564 quasi
1785 1465 1913 1555 tercia,
1940 1465 1975 1537 in
2002 1465 2112 1537 stuba

413 1571 543 1648 domus
563 1571 804 1646 habitacionis
831 1567 1050 1646 venerabilis
1077 1569 1143 1642 viri
1163 1567 1300 1642 'domini
1328 1568 1558 1669 llythmari
1586 1567 1634 1644 de
1661 1565 1987 1658 llleclri'ubacb,
2022 1590 2111 1667 pre·

412 1676 521 1777 positi
546 1673 851 1750 Erfurdensis
878 1685 916 1749 et
942 1673 1107 1749 canonici
1129 1671 1537 1746 Wratislaniensis
1565 1672 1803 1748 ecclesiarum
1827 1671 1862 1746 iu
1882 1672 1962 1763 mei,
1990 1669 2109 1746 llen-

413 1779 500 1855 rici
526 1775 701 1877 quondam
728 1778 852 1853 Petri
879 1775 927 1851 de
953 1775 1265 1849 Wratislauia'
1290 1787 1327 1851 et
1352 1774 1575 1849 Johannis
1608 1773 1782 1875 qnondam
1811 1773 2032 1850 Guntheri
2058 1771 2109 1847 de

413 1883 452 1956 N
458 1905 544 1984 yse
576 1881 787 1955 notariorum
821 1879 1039 1982 publicorum
1074 1889 1111 1952 et
1147 1879 1289 1953 testium
1323 1877 1604 1977 subscriptorum
1630 1879 1860 1980 (presencia)
1888 1875 2108 1952 honorabili·

412 1985 478 2076 vir,
506 1981 668 2060 dominus
695 1980 837 2059 Beldo
865 1981 913 2058 de
940 1983 1183 2073 Proskuw,
1212 1981 1407 2056 canonicus
1434 1982 1549 2057 eciam
1576 1981 2002 2068 Wra'tislaniensis,
2031 1981 2108 2053 sin-

414 2086 521 2164 dicus
548 2097 586 2162 et
610 2098 821 2188 procurator
846 2085 1026 2186 legitimus
1053 2083 1307 2160 venerabilium
1324 2084 1477 2158 virorum
1495 2081 1711 2159 dominonrm
1738 2139 1777 2157 ..
1806 2083 1952 2184 capituli
1980 2083 2107 2158 eccle-

415 2191 471 2266 sie
496 2187 633 2264 Wret.
661 2201 698 2264 et
724 2189 953 2286 singularium
980 2211 1210 2287 personamm
1242 2185 1407 2286 ejusdem
1434 2187 1580 2288 capituli
1607 2200 1644 2262 et
1669 2187 1832 2263 ecclesie
1858 2187 1993 2261 Wrat.
2020 2211 2107 2288 pre-

414 2290 513 2369 dicte
546 2290 721 2392 quandam
756 2303 890 2368 cartam
924 2292 1107 2392 papiream
1139 2289 1229 2390 legit
1263 2302 1301 2366 et
1332 2289 1529 2392 publicavit
1561 2290 1790 2392 infrascripte
1819 2289 2043 2366 continencia
2071 2299 2109 2364 et

414 2396 567 2474 tenoris:
1515 2435 1523 2450 ·

519 2495 651 2575 Coram
667 2495 773 2571 vobis
799 2493 1065 2571 honorabilibus
1082 2497 1182 2588 viris,
1208 2495 1235 2571 J
1243 2495 1414 2571 ohanne
1432 2493 1560 2573 Corro
1568 2494 1694 2597 platb
1717 2503 1755 2571 et
1773 2495 1968 2571 Henrico
1993 2519 2107 2594 quon·

416 2600 499 2676 dam
524 2600 652 2676 Petri
679 2598 727 2674 de
753 2599 1075 2690 Wratislauia,
1103 2600 1251 2674 notariis
1276 2597 1431 2700 publicis
1458 2609 1496 2675 et
1520 2599 1674 2675 testibus
1699 2597 1939 2700 infrascriptis
1962 2596 2011 2672 ad
2036 2597 2106 2672 boc

416 2703 558 2778 vocatis
591 2702 802 2802 specialiter
832 2714 870 2778 et
905 2703 1059 2802 rogatis,
1105 2703 1320 2778 constitutus
1352 2699 1496 2776 Beldo
1537 2700 1585 2778 de
1617 2701 1866 2794 Proslruw,
1911 2701 2106 2778 callenicus

415 2807 566 2896 Wrat,
594 2803 756 2882 sindicus
784 2815 821 2880 ct
846 2817 1059 2906 procurator
1085 2815 1122 2881 et
1147 2806 1391 2906 procuratorio
1418 2806 1557 2882 uomina
1582 2805 1836 2880 venerabilium
1862 2805 2014 2879 virorum
2038 2801 2106 2878 do·

416 2910 581 2984 minorum
615 2907 847 3010 Dythmari
879 2909 1052 3012 prepositi
1083 2905 1412 2999 Erfurdensis,
1445 2907 1632 2986 Nicolai
1666 2905 1714 2984 de
1747 2906 2105 3008 Schellindorph

415 3013 574 3088 cantoris
601 3009 955 3110 Glogouiensis,
982 3011 1413 3112 Jacobihugustini
1441 3010 2013 3110 archidiaconilregnicensis
2041 3034 2106 3086 ec-

416 3115 627 3207 clesiarum,
653 3114 904 3191 [laurencii
931 3115 1183 3204 Harthlibi‚
1212 3115 1338 3190 Petri
1365 3113 1414 3191 de
1441 3115 1653 3207 Gestiua,
1688 3115 1911 3190 Johannis
1939 3113 1988 3190 de
2013 3113 2105 3188 Lu·

414 3219 523 3310 belr,
552 3217 735 3294 Oltonis
761 3216 810 3294 de
837 3219 1037 3309 Brunna,
1064 3217 1264 3319 Philippi
1289 3217 1585 3310 Marschalci,
1613 3215 1868 3295 Clementis
1896 3215 1943 3294 de
1968 3217 2105 3290 Wan-

416 3345 528 3414 sow,
555 3321 785 3396 Johannis
812 3322 1034 3396 Brunonis
1060 3333 1098 3398 et
1116 3319 1376 3399 Czamborii
1402 3319 1450 3399 de
1468 3321 1689 3422 Pogrella
1707 3321 1956 3398 canonicorom
1974 3319 2107 3394 Wra-

414 3424 772 3515 tislaniensium,
799 3447 864 3525 pro
889 3425 980 3525 ipsis
1008 3437 1045 3499 et
1072 3481 1080 3498 .
1111 3480 1119 3498 .
1149 3425 1305 3525 capitulo
1331 3425 1471 3500 Wrat.
1497 3422 1730 3526 protestando
1758 3421 1846 3500 dicit
1872 3437 1909 3500 et
1933 3425 2107 3525 proponit,

416 3523 512 3626 quod
538 3525 626 3602 licet
651 3525 793 3627 opidum
820 3525 1051 3620 Grotlrow,
1079 3529 1183 3602 sitnm
1209 3528 1244 3602 iu
1271 3525 1411 3603 diocesi
1438 3527 1588 3620 Wrat,
1616 3554 1695 3605 cnm
1722 3530 1854 3604 castris
1882 3553 1948 3603 seu
1968 3527 2107 3601 fortali-
2206 3551 2209 3556 ·

417 3629 505 3720 ciis,
532 3627 706 3704 videlicet
730 3629 1027 3721 Meristow¹),
1061 3631 1442 3724 Winthnericzb,
1481 3631 1809 3732 Sunneberg³>‚
1845 3629 2105 3733 Coppicn⁴),

417 3743 455 3808 et
479 3729 576 3805 villis
603 3741 641 3807 et
667 3733 809 3809 ceteris
827 3734 1081 3809 municionibus
1107 3735 1142 3808 in
1170 3731 1333 3810 districtu
1362 3733 1458 3834 opidi
1481 3731 1635 3835 predicti
1659 3736 1865 3834 jacentibus
1891 3761 1969 3812 cum
1996 3735 2107 3834 pcrti-

416 3834 556 3911 rrenciis
584 3835 660 3908 suis
679 3835 838 3910 omnibus
858 3848 895 3912 et
913 3837 1077 3936 singulis,
1098 3835 1351 3936 jurisdicione,
1378 3839 1525 3928 honore,
1552 3837 1782 3935 vasallagiis,
1810 3837 1997 3937 homagiis,
2024 3837 2106 3912 leu-

314 4034 317 4043 .
417 3935 488 4027 dis,
514 3937 668 4013 vasallis
695 3939 953 4040 ethomirribun
981 3964 1027 4015 ac
1055 3963 1133 4016 cum
1161 3941 1253 4015 omni
1273 3945 1358 4040 jure
1384 3953 1422 4016 et
1448 3939 1601 4016 dominio
1624 3939 1673 4016 ad
1692 3939 1853 4016 dominos
1879 3965 1970 4016 suos
1995 3963 2108 4017 cano-

417 4041 520 4116 nicos
547 4053 585 4117 et
611 4097 619 4115 .
650 4097 658 4114 .
687 4043 877 4143 capitulum
904 4040 1090 4143 predictos
1118 4039 1228 4118 etad
1257 4067 1334 4118 enm
1360 4045 1500 4120 nomine
1526 4041 1662 4119 Wrat.
1690 4043 1853 4124 ecclesie
1879 4069 1943 4145 pro
1969 4041 2107 4120 medie-

417 4150 493 4220 tate
518 4145 696 4243 pertineat
722 4169 768 4222 ac
794 4147 1001 4247 pertinuerit
1035 4159 1072 4222 et
1098 4148 1299 4246 pertinebat
1326 4171 1349 4220 a
1374 4148 1493 4246 longis
1520 4148 1712 4223 retroactis
1737 4141 1980 4249 temporibus,
2003 4157 2108 4247 prout

416 4246 452 4318 in
484 4247 563 4322 suis
595 4247 763 4324 limitibus
796 4259 833 4325 et
866 4249 1037 4348 greuiciis
1072 4243 1345 4349 circumquaque
1379 4263 1438 4327 est
1463 4250 1686 4342 distinctum,
1720 4251 1824 4326 salvo
1856 4247 1951 4351 quod
1977 4247 2108 4328 dictum

417 4346 558 4449 opidum
598 4373 676 4427 cum
713 4353 945 4452 pertinenciis
979 4353 1056 4426 suis
1087 4351 1261 4454 predictis
1293 4353 1328 4426 in
1363 4352 1506 4430 feodum
1542 4348 1749 4458 dependeat
1781 4379 1805 4430 a
1839 4377 1973 4432 corona
2006 4353 2107 4452 regni

462 4591 494 4668 l)
522 4585 744 4736 hquzdorh
767 4589 859 4655 080.
887 4590 920 4678 Ἀ
940 4589 984 4654 Μ.
1007 4611 1069 4655 von
1091 4590 1259 4656 Grotrkau.
1303 4589 1341 4657 ln
1364 4592 1422 4658 der·
1441 4591 1532 4658 Niihe
1555 4592 1610 4659 des
1632 4591 1747 4660 Dories
1769 4595 1809 4658 ist
1828 4589 1912 4662 noclr
1935 4590 1991 4657 der
2006 4591 2108 4682 Burg-

461 4759 494 4836 i)
522 4731 824 4850 Wintaenberq,
846 4757 909 4823 SO.
933 4759 950 4823 l
973 4757 1019 4823 Μ.
1039 4779 1102 4824 von
1124 4743 1291 4825 Grotthau

462 4843 495 4916 ³)
522 4839 799 4933 Sonnenberg,
821 4865 863 4908 on
885 4841 943 4908 der·
964 4842 1080 4924 Neine,
1106 4843 1338 4934 Wintzenberg
1438 4842 1549 4907 nuber.

462 4927 496 5002 t)
524 4921 719 5030 Koppitz,
741 4926 855 4994 uniern
877 4927 935 4994 der
955 4927 1074 5006 Naisso,
1095 4927 1244 4996 nb'rdlich
1266 4951 1327 4996 von
1398 4925 1595 5020 rutreuberg.
