<?xml version="1.0" encoding="UTF-8"?>
<!DOCTYPE html PUBLIC "-//W3C//DTD XHTML 1.0 Transitional//EN"
    "http://www.w3.org/TR/xhtml1/DTD/xhtml1-transitional.dtd">
<html xmlns="http://www.w3.org/1999/xhtml" xml:lang="en" lang="en">
 <head>
  <title>
</title>
<meta http-equiv="Content-Type" content="text/html;charset=utf-8" />
  <meta name='ocr-system' content='tesseract 3.04.00' />
  <meta name='ocr-capabilities' content='ocr_page ocr_carea ocr_par ocr_line ocrx_word'/>
</head>
<body>
  <div class='ocr_page' id='page_1' title='image "./urkundenzurgesc00stengoog_0383.png"; bbox 0 0 4594 5774; ppageno 0'>
   <div class='ocr_carea' id='block_1_1' title="bbox 402 444 1554 580">
    <p class='ocr_par' dir='ltr' id='par_1_1' title="bbox 402 444 1554 580">
     <span class='ocr_line' id='line_1_1' title="bbox 402 444 1554 580; baseline -0.004 0"><span class='ocrx_word' id='word_1_1' title='bbox 402 481 481 580; x_wconf 79' lang='lat' dir='ltr'><strong>tre</strong></span> <span class='ocrx_word' id='word_1_2' title='bbox 957 444 959 452; x_wconf 38' lang='lat'><strong>¹</strong></span> <span class='ocrx_word' id='word_1_3' title='bbox 1004 502 1214 576; x_wconf 61' lang='lat' dir='ltr'><strong>nereus</strong></span> <span class='ocrx_word' id='word_1_4' title='bbox 1271 500 1485 578; x_wconf 79' lang='lat' dir='ltr'><strong>ocnxrrr.</strong></span> <span class='ocrx_word' id='word_1_5' title='bbox 1548 537 1554 552; x_wconf 75' lang='lat'><strong>,</strong></span> 
     </span>
    </p>
   </div>
   <div class='ocr_carea' id='block_1_2' title="bbox 296 702 2090 2160">
    <p class='ocr_par' dir='ltr' id='par_1_2' title="bbox 296 702 2090 2160">
     <span class='ocr_line' id='line_1_2' title="bbox 401 702 2084 808; baseline -0.001 -22"><span class='ocrx_word' id='word_1_6' title='bbox 401 705 518 808; x_wconf 81' lang='lat' dir='ltr'><strong>dgr.</strong></span> <span class='ocrx_word' id='word_1_7' title='bbox 550 706 661 784; x_wconf 82' lang='lat' dir='ltr'><strong>heres</strong></span> <span class='ocrx_word' id='word_1_8' title='bbox 693 704 793 805; x_wconf 71' lang='lat' dir='ltr'><strong>regui</strong></span> <span class='ocrx_word' id='word_1_9' title='bbox 825 704 1037 798; x_wconf 87' lang='lat' dir='ltr'><strong>Polonie,</strong></span> <span class='ocrx_word' id='word_1_10' title='bbox 1071 702 1147 782; x_wconf 88' lang='lat' dir='ltr'><strong>dux</strong></span> <span class='ocrx_word' id='word_1_11' title='bbox 1178 703 1356 799; x_wconf 83' lang='lat' dir='ltr'><strong>Slesie,</strong></span> <span class='ocrx_word' id='word_1_12' title='bbox 1389 705 1751 808; x_wconf 73' lang='lat' dir='ltr'><strong>dou.·etogouie,</strong></span> <span class='ocrx_word' id='word_1_13' title='bbox 1784 707 2019 787; x_wconf 80' lang='lat' dir='ltr'><strong>Ponuanie</strong></span> <span class='ocrx_word' id='word_1_14' title='bbox 2044 721 2084 786; x_wconf 82' lang='lat' dir='ltr'><strong>at</strong></span> 
     </span>
     <span class='ocr_line' id='line_1_3' title="bbox 402 807 2084 914; baseline 0 -24"><span class='ocrx_word' id='word_1_15' title='bbox 402 811 700 902; x_wconf 81' lang='lat' dir='ltr'><strong>Kalisiensis,</strong></span> <span class='ocrx_word' id='word_1_16' title='bbox 725 809 796 911; x_wconf 90' lang='lat' dir='ltr'><strong>ipsi</strong></span> <span class='ocrx_word' id='word_1_17' title='bbox 824 819 861 886; x_wconf 89' lang='lat' dir='ltr'><strong>et</strong></span> <span class='ocrx_word' id='word_1_18' title='bbox 874 807 973 886; x_wconf 89' lang='lat' dir='ltr'><strong>clero</strong></span> <span class='ocrx_word' id='word_1_19' title='bbox 999 833 1066 884; x_wconf 89' lang='lat' dir='ltr'><strong>sno</strong></span> <span class='ocrx_word' id='word_1_20' title='bbox 1091 819 1162 885; x_wconf 68' lang='lat' dir='ltr'><strong>mm</strong></span> <span class='ocrx_word' id='word_1_21' title='bbox 1188 811 1361 910; x_wconf 79' lang='lat' dir='ltr'><strong>religioso</strong></span> <span class='ocrx_word' id='word_1_22' title='bbox 1387 836 1491 911; x_wconf 82' lang='lat' dir='ltr'><strong>qoam</strong></span> <span class='ocrx_word' id='word_1_23' title='bbox 1516 813 1674 890; x_wconf 81' lang='lat' dir='ltr'><strong>seculari</strong></span> <span class='ocrx_word' id='word_1_24' title='bbox 1699 837 1766 914; x_wconf 91' lang='lat' dir='ltr'><strong>per</strong></span> <span class='ocrx_word' id='word_1_25' title='bbox 1781 837 1825 890; x_wconf 86' lang='lat' dir='ltr'><strong>se</strong></span> <span class='ocrx_word' id='word_1_26' title='bbox 1843 824 1881 889; x_wconf 85' lang='lat' dir='ltr'><strong>et</strong></span> <span class='ocrx_word' id='word_1_27' title='bbox 1904 837 1972 914; x_wconf 89' lang='lat' dir='ltr'><strong>per</strong></span> <span class='ocrx_word' id='word_1_28' title='bbox 1996 835 2084 890; x_wconf 80' lang='lat' dir='ltr'><strong>suos</strong></span> 
     </span>
     <span class='ocr_line' id='line_1_4' title="bbox 402 910 2085 1018; baseline 0 -24"><span class='ocrx_word' id='word_1_29' title='bbox 402 915 582 1012; x_wconf 86' lang='lat' dir='ltr'><strong>officiales</strong></span> <span class='ocrx_word' id='word_1_30' title='bbox 614 913 718 1016; x_wconf 87' lang='lat' dir='ltr'><strong>plora</strong></span> <span class='ocrx_word' id='word_1_31' title='bbox 742 911 898 1014; x_wconf 86' lang='lat' dir='ltr'><strong>dampna</strong></span> <span class='ocrx_word' id='word_1_32' title='bbox 930 923 968 990; x_wconf 93' lang='lat' dir='ltr'><strong>et</strong></span> <span class='ocrx_word' id='word_1_33' title='bbox 992 910 1162 989; x_wconf 81' lang='lat' dir='ltr'><strong>diversos</strong></span> <span class='ocrx_word' id='word_1_34' title='bbox 1194 914 1343 1014; x_wconf 81' lang='lat' dir='ltr'><strong>iujurias</strong></span> <span class='ocrx_word' id='word_1_35' title='bbox 1378 927 1502 992; x_wconf 89' lang='lat' dir='ltr'><strong>contra</strong></span> <span class='ocrx_word' id='word_1_36' title='bbox 1526 915 1713 992; x_wconf 73' lang='lat' dir='ltr'><strong>libertates</strong></span> <span class='ocrx_word' id='word_1_37' title='bbox 1741 925 1778 993; x_wconf 91' lang='lat' dir='ltr'><strong>et</strong></span> <span class='ocrx_word' id='word_1_38' title='bbox 1802 916 1994 1018; x_wconf 74' lang='lat' dir='ltr'><strong>privilegio</strong></span> <span class='ocrx_word' id='word_1_39' title='bbox 2018 940 2085 994; x_wconf 90' lang='lat' dir='ltr'><strong>ee·</strong></span> 
     </span>
     <span class='ocr_line' id='line_1_5' title="bbox 402 1013 2087 1120; baseline -0.001 -22"><span class='ocrx_word' id='word_1_40' title='bbox 402 1020 519 1098; x_wconf 87' lang='lat' dir='ltr'><strong>clesie</strong></span> <span class='ocrx_word' id='word_1_41' title='bbox 550 1019 746 1111; x_wconf 84' lang='lat' dir='ltr'><strong>intulisset,</strong></span> <span class='ocrx_word' id='word_1_42' title='bbox 797 1041 864 1092; x_wconf 87' lang='lat' dir='ltr'><strong>nos</strong></span> <span class='ocrx_word' id='word_1_43' title='bbox 896 1013 1094 1118; x_wconf 84' lang='lat' dir='ltr'><strong>predictum</strong></span> <span class='ocrx_word' id='word_1_44' title='bbox 1126 1015 1263 1104; x_wconf 83' lang='lat' dir='ltr'><strong>Christi</strong></span> <span class='ocrx_word' id='word_1_45' title='bbox 1298 1019 1486 1120; x_wconf 86' lang='lat' dir='ltr'><strong>cupientes</strong></span> <span class='ocrx_word' id='word_1_46' title='bbox 1517 1019 1667 1099; x_wconf 78' lang='lat' dir='ltr'><strong>immitari</strong></span> <span class='ocrx_word' id='word_1_47' title='bbox 1701 1020 1902 1120; x_wconf 81' lang='lat' dir='ltr'><strong>exemplum</strong></span> <span class='ocrx_word' id='word_1_48' title='bbox 1939 1032 1977 1098; x_wconf 84' lang='lat' dir='ltr'><strong>et</strong></span> <span class='ocrx_word' id='word_1_49' title='bbox 2008 1045 2087 1099; x_wconf 78' lang='lat' dir='ltr'><strong>cun</strong></span> 
     </span>
     <span class='ocr_line' id='line_1_6' title="bbox 403 1119 2087 1226; baseline -0.002 -25"><span class='ocrx_word' id='word_1_50' title='bbox 403 1124 563 1202; x_wconf 89' lang='lat' dir='ltr'><strong>omnihus</strong></span> <span class='ocrx_word' id='word_1_51' title='bbox 594 1145 722 1224; x_wconf 89' lang='lat' dir='ltr'><strong>pacem</strong></span> <span class='ocrx_word' id='word_1_52' title='bbox 747 1119 884 1197; x_wconf 87' lang='lat' dir='ltr'><strong>babere</strong></span> <span class='ocrx_word' id='word_1_53' title='bbox 908 1120 1075 1198; x_wconf 83' lang='lat' dir='ltr'><strong>volentes</strong></span> <span class='ocrx_word' id='word_1_54' title='bbox 1108 1121 1331 1222; x_wconf 79' lang='lat' dir='ltr'><strong>salutemque</strong></span> <span class='ocrx_word' id='word_1_55' title='bbox 1361 1121 1526 1224; x_wconf 79' lang='lat' dir='ltr'><strong>prelibati</strong></span> <span class='ocrx_word' id='word_1_56' title='bbox 1558 1124 1671 1226; x_wconf 85' lang='lat' dir='ltr'><strong>patris</strong></span> <span class='ocrx_word' id='word_1_57' title='bbox 1705 1125 1817 1199; x_wconf 89' lang='lat' dir='ltr'><strong>nostri</strong></span> <span class='ocrx_word' id='word_1_58' title='bbox 1849 1135 1953 1225; x_wconf 90' lang='lat' dir='ltr'><strong>prout</strong></span> <span class='ocrx_word' id='word_1_59' title='bbox 1983 1125 2087 1201; x_wconf 86' lang='lat' dir='ltr'><strong>mobis</strong></span> 
     </span>
     <span class='ocr_line' id='line_1_7' title="bbox 404 1222 2086 1328; baseline 0.001 -26"><span class='ocrx_word' id='word_1_60' title='bbox 404 1235 457 1326; x_wconf 87' lang='lat' dir='ltr'><strong>(c</strong></span> <span class='ocrx_word' id='word_1_61' title='bbox 474 1231 569 1321; x_wconf 83' lang='lat' dir='ltr'><strong>deo)</strong></span> <span class='ocrx_word' id='word_1_62' title='bbox 583 1227 609 1316; x_wconf 85' lang='lat'><strong>¹)</strong></span> <span class='ocrx_word' id='word_1_63' title='bbox 638 1247 864 1302; x_wconf 87' lang='lat' dir='ltr'><strong>concessum</strong></span> <span class='ocrx_word' id='word_1_64' title='bbox 895 1222 1002 1300; x_wconf 84' lang='lat' dir='ltr'><strong>luerit</strong></span> <span class='ocrx_word' id='word_1_65' title='bbox 1033 1225 1249 1302; x_wconf 81' lang='lat' dir='ltr'><strong>affectantes</strong></span> <span class='ocrx_word' id='word_1_66' title='bbox 1273 1249 1486 1327; x_wconf 86' lang='lat' dir='ltr'><strong>procurare,</strong></span> <span class='ocrx_word' id='word_1_67' title='bbox 1523 1223 1571 1302; x_wconf 91' lang='lat' dir='ltr'><strong>de</strong></span> <span class='ocrx_word' id='word_1_68' title='bbox 1597 1251 1778 1328; x_wconf 83' lang='lat' dir='ltr'><strong>consensu</strong></span> <span class='ocrx_word' id='word_1_69' title='bbox 1804 1229 2086 1320; x_wconf 64' lang='lat' dir='ltr'><strong>mathematis,</strong></span> 
     </span>
     <span class='ocr_line' id='line_1_8' title="bbox 363 1323 2087 1430; baseline 0.001 -23"><span class='ocrx_word' id='word_1_70' title='bbox 363 1365 368 1388; x_wconf 57' lang='grc' dir='ltr'><strong>ι</strong></span> <span class='ocrx_word' id='word_1_71' title='bbox 403 1329 544 1408; x_wconf 68' lang='lat' dir='ltr'><strong>domim</strong></span> <span class='ocrx_word' id='word_1_72' title='bbox 570 1326 854 1420; x_wconf 87' lang='lat' dir='ltr'><strong>Mechtildis,</strong></span> <span class='ocrx_word' id='word_1_73' title='bbox 882 1323 918 1402; x_wconf 89' lang='lat' dir='ltr'><strong>d.</strong></span> <span class='ocrx_word' id='word_1_74' title='bbox 947 1352 1001 1427; x_wconf 79' lang='lat' dir='ltr'><strong>gr.</strong></span> <span class='ocrx_word' id='word_1_75' title='bbox 1028 1326 1179 1406; x_wconf 87' lang='lat' dir='ltr'><strong>ducisse</strong></span> <span class='ocrx_word' id='word_1_76' title='bbox 1205 1327 1365 1406; x_wconf 85' lang='lat' dir='ltr'><strong>Slcsie</strong></span> <span class='ocrx_word' id='word_1_77' title='bbox 1392 1341 1430 1406; x_wconf 91' lang='lat' dir='ltr'><strong>et</strong></span> <span class='ocrx_word' id='word_1_78' title='bbox 1452 1329 1593 1408; x_wconf 78' lang='lat' dir='ltr'><strong>dordue</strong></span> <span class='ocrx_word' id='word_1_79' title='bbox 1618 1331 1858 1430; x_wconf 81' lang='lat' dir='ltr'><strong>Glogouie,</strong></span> <span class='ocrx_word' id='word_1_80' title='bbox 1885 1331 1997 1408; x_wconf 87' lang='lat' dir='ltr'><strong>nostri</strong></span> <span class='ocrx_word' id='word_1_81' title='bbox 2020 1355 2087 1408; x_wconf 84' lang='lat' dir='ltr'><strong>no·</strong></span> 
     </span>
     <span class='ocr_line' id='line_1_9' title="bbox 403 1431 2088 1534; baseline -0.001 -22"><span class='ocrx_word' id='word_1_82' title='bbox 403 1444 625 1534; x_wconf 80' lang='lat' dir='ltr'><strong>streurmquo</strong></span> <span class='ocrx_word' id='word_1_83' title='bbox 648 1443 819 1510; x_wconf 84' lang='lat' dir='ltr'><strong>terrarum</strong></span> <span class='ocrx_word' id='word_1_84' title='bbox 845 1431 992 1508; x_wconf 79' lang='lat' dir='ltr'><strong>tutelam</strong></span> <span class='ocrx_word' id='word_1_85' title='bbox 1017 1457 1110 1510; x_wconf 88' lang='lat' dir='ltr'><strong>nunc</strong></span> <span class='ocrx_word' id='word_1_86' title='bbox 1136 1433 1308 1532; x_wconf 78' lang='lat' dir='ltr'><strong>gerentis,</strong></span> <span class='ocrx_word' id='word_1_87' title='bbox 1333 1444 1371 1510; x_wconf 90' lang='lat' dir='ltr'><strong>et</strong></span> <span class='ocrx_word' id='word_1_88' title='bbox 1396 1431 1446 1510; x_wconf 90' lang='lat' dir='ltr'><strong>de</strong></span> <span class='ocrx_word' id='word_1_89' title='bbox 1472 1459 1654 1512; x_wconf 86' lang='lat' dir='ltr'><strong>consensu</strong></span> <span class='ocrx_word' id='word_1_90' title='bbox 1679 1435 1801 1510; x_wconf 80' lang='lat' dir='ltr'><strong>fratris</strong></span> <span class='ocrx_word' id='word_1_91' title='bbox 1826 1435 1939 1511; x_wconf 87' lang='lat' dir='ltr'><strong>nostri</strong></span> <span class='ocrx_word' id='word_1_92' title='bbox 1964 1432 2088 1515; x_wconf 80' lang='lat' dir='ltr'><strong>Gon-</strong></span> 
     </span>
     <span class='ocr_line' id='line_1_10' title="bbox 402 1532 2087 1635; baseline -0.001 -20"><span class='ocrx_word' id='word_1_93' title='bbox 402 1535 518 1631; x_wconf 82' lang='lat' dir='ltr'><strong>rodi,</strong></span> <span class='ocrx_word' id='word_1_94' title='bbox 572 1533 701 1614; x_wconf 89' lang='lat' dir='ltr'><strong>eadem</strong></span> <span class='ocrx_word' id='word_1_95' title='bbox 734 1535 861 1635; x_wconf 81' lang='lat' dir='ltr'><strong>grecia</strong></span> <span class='ocrx_word' id='word_1_96' title='bbox 893 1532 1065 1610; x_wconf 84' lang='lat' dir='ltr'><strong>dictarum</strong></span> <span class='ocrx_word' id='word_1_97' title='bbox 1099 1548 1268 1612; x_wconf 88' lang='lat' dir='ltr'><strong>terrarum</strong></span> <span class='ocrx_word' id='word_1_98' title='bbox 1301 1548 1498 1613; x_wconf 79' lang='lat' dir='ltr'><strong>nostrerum</strong></span> <span class='ocrx_word' id='word_1_99' title='bbox 1532 1535 1637 1615; x_wconf 91' lang='lat' dir='ltr'><strong>ducis</strong></span> <span class='ocrx_word' id='word_1_100' title='bbox 1669 1549 1706 1615; x_wconf 92' lang='lat' dir='ltr'><strong>ct</strong></span> <span class='ocrx_word' id='word_1_101' title='bbox 1744 1537 1874 1617; x_wconf 89' lang='lat' dir='ltr'><strong>domiui</strong></span> <span class='ocrx_word' id='word_1_102' title='bbox 1905 1563 1976 1618; x_wconf 88' lang='lat' dir='ltr'><strong>nec</strong></span> <span class='ocrx_word' id='word_1_103' title='bbox 2018 1563 2087 1614; x_wconf 87' lang='lat' dir='ltr'><strong>nou</strong></span> 
     </span>
     <span class='ocr_line' id='line_1_11' title="bbox 402 1633 2089 1820; baseline -0.002 -99"><span class='ocrx_word' id='word_1_104' title='bbox 402 1642 552 1721; x_wconf 88' lang='lat' dir='ltr'><strong>omnium</strong></span> <span class='ocrx_word' id='word_1_105' title='bbox 577 1639 855 1718; x_wconf 78' lang='lat' dir='ltr'><strong>consiliariorum</strong></span> <span class='ocrx_word' id='word_1_106' title='bbox 872 1651 1081 1733; x_wconf 89' lang='lat' dir='ltr'><strong>nostrorum,</strong></span> <span class='ocrx_word' id='word_1_107' title='bbox 1106 1655 1252 1820; x_wconf 77' lang='lat' dir='ltr'><strong>propter</strong></span> <span class='ocrx_word' id='word_1_108' title='bbox 1268 1633 1372 1742; x_wconf 86' lang='lat' dir='ltr'><strong>pacis</strong></span> <span class='ocrx_word' id='word_1_109' title='bbox 1390 1652 1428 1717; x_wconf 91' lang='lat' dir='ltr'><strong>et</strong></span> <span class='ocrx_word' id='word_1_110' title='bbox 1445 1639 1639 1719; x_wconf 90' lang='lat' dir='ltr'><strong>concordie</strong></span> <span class='ocrx_word' id='word_1_111' title='bbox 1657 1643 1816 1720; x_wconf 89' lang='lat' dir='ltr'><strong>unionem</strong></span> <span class='ocrx_word' id='word_1_112' title='bbox 1841 1643 1933 1720; x_wconf 90' lang='lat' dir='ltr'><strong>inter</strong></span> <span class='ocrx_word' id='word_1_113' title='bbox 1956 1666 2025 1718; x_wconf 89' lang='lat' dir='ltr'><strong>uos</strong></span> <span class='ocrx_word' id='word_1_114' title='bbox 2050 1653 2089 1720; x_wconf 89' lang='lat' dir='ltr'><strong>et</strong></span> 
     </span>
     <span class='ocr_line' id='line_1_12' title="bbox 402 1741 2089 1850; baseline -0.001 -25"><span class='ocrx_word' id='word_1_115' title='bbox 402 1744 614 1850; x_wconf 82' lang='lat' dir='ltr'><strong>prelibatum</strong></span> <span class='ocrx_word' id='word_1_116' title='bbox 640 1741 733 1818; x_wconf 91' lang='lat' dir='ltr'><strong>dom.</strong></span> <span class='ocrx_word' id='word_1_117' title='bbox 762 1743 968 1846; x_wconf 89' lang='lat' dir='ltr'><strong>episcopum</strong></span> <span class='ocrx_word' id='word_1_118' title='bbox 995 1769 1041 1821; x_wconf 85' lang='lat' dir='ltr'><strong>ac</strong></span> <span class='ocrx_word' id='word_1_119' title='bbox 1068 1769 1135 1820; x_wconf 88' lang='lat' dir='ltr'><strong>sue</strong></span> <span class='ocrx_word' id='word_1_120' title='bbox 1186 1745 1337 1846; x_wconf 84' lang='lat' dir='ltr'><strong>yooesis</strong></span> <span class='ocrx_word' id='word_1_121' title='bbox 1364 1745 1497 1824; x_wconf 87' lang='lat' dir='ltr'><strong>clerum</strong></span> <span class='ocrx_word' id='word_1_122' title='bbox 1523 1757 1756 1846; x_wconf 78' lang='lat' dir='ltr'><strong>semotamque</strong></span> <span class='ocrx_word' id='word_1_123' title='bbox 1789 1757 1936 1824; x_wconf 89' lang='lat' dir='ltr'><strong>matrem</strong></span> <span class='ocrx_word' id='word_1_124' title='bbox 1961 1747 2089 1827; x_wconf 84' lang='lat' dir='ltr'><strong>eecle-</strong></span> 
     </span>
     <span class='ocr_line' id='line_1_13' title="bbox 403 1845 2089 1952; baseline -0.002 -24"><span class='ocrx_word' id='word_1_125' title='bbox 403 1851 495 1928; x_wconf 85' lang='lat' dir='ltr'><strong>siam</strong></span> <span class='ocrx_word' id='word_1_126' title='bbox 519 1847 769 1926; x_wconf 83' lang='lat' dir='ltr'><strong>iuviolabiliter</strong></span> <span class='ocrx_word' id='word_1_127' title='bbox 795 1845 1056 1924; x_wconf 82' lang='lat' dir='ltr'><strong>observandum</strong></span> <span class='ocrx_word' id='word_1_128' title='bbox 1084 1858 1120 1924; x_wconf 90' lang='lat' dir='ltr'><strong>et</strong></span> <span class='ocrx_word' id='word_1_129' title='bbox 1146 1848 1357 1950; x_wconf 79' lang='lat' dir='ltr'><strong>specialiter</strong></span> <span class='ocrx_word' id='word_1_130' title='bbox 1380 1875 1445 1951; x_wconf 87' lang='lat' dir='ltr'><strong>pro</strong></span> <span class='ocrx_word' id='word_1_131' title='bbox 1471 1848 1629 1926; x_wconf 86' lang='lat' dir='ltr'><strong>remedio</strong></span> <span class='ocrx_word' id='word_1_132' title='bbox 1653 1851 1768 1927; x_wconf 83' lang='lat' dir='ltr'><strong>enine</strong></span> <span class='ocrx_word' id='word_1_133' title='bbox 1792 1851 1890 1952; x_wconf 88' lang='lat' dir='ltr'><strong>prins</strong></span> <span class='ocrx_word' id='word_1_134' title='bbox 1908 1848 1995 1927; x_wconf 85' lang='lat' dir='ltr'><strong>dicti</strong></span> <span class='ocrx_word' id='word_1_135' title='bbox 2019 1875 2089 1952; x_wconf 62' lang='lat' dir='ltr'><strong>pur</strong></span> 
     </span>
     <span class='ocr_line' id='line_1_14' title="bbox 387 1951 2090 2053; baseline 0.001 -22"><span class='ocrx_word' id='word_1_136' title='bbox 387 1953 467 2050; x_wconf 84' lang='lat' dir='ltr'><strong>tris</strong></span> <span class='ocrx_word' id='word_1_137' title='bbox 493 1951 607 2029; x_wconf 86' lang='lat' dir='ltr'><strong>nostri</strong></span> <span class='ocrx_word' id='word_1_138' title='bbox 632 1962 670 2028; x_wconf 89' lang='lat' dir='ltr'><strong>et</strong></span> <span class='ocrx_word' id='word_1_139' title='bbox 695 1962 733 2026; x_wconf 91' lang='lat' dir='ltr'><strong>ut</strong></span> <span class='ocrx_word' id='word_1_140' title='bbox 757 1951 816 2026; x_wconf 87' lang='lat' dir='ltr'><strong>sui</strong></span> <span class='ocrx_word' id='word_1_141' title='bbox 841 1951 1009 2027; x_wconf 89' lang='lat' dir='ltr'><strong>memoria</strong></span> <span class='ocrx_word' id='word_1_142' title='bbox 1033 1952 1068 2026; x_wconf 91' lang='lat' dir='ltr'><strong>iu</strong></span> <span class='ocrx_word' id='word_1_143' title='bbox 1095 1951 1260 2029; x_wconf 85' lang='lat' dir='ltr'><strong>ecclesia</strong></span> <span class='ocrx_word' id='word_1_144' title='bbox 1285 1951 1501 2053; x_wconf 81' lang='lat' dir='ltr'><strong>diligencius</strong></span> <span class='ocrx_word' id='word_1_145' title='bbox 1526 1953 1719 2046; x_wconf 85' lang='lat' dir='ltr'><strong>habeatur,</strong></span> <span class='ocrx_word' id='word_1_146' title='bbox 1753 1977 1876 2030; x_wconf 74' lang='lat' dir='ltr'><strong>omues</strong></span> <span class='ocrx_word' id='word_1_147' title='bbox 1901 1953 2090 2032; x_wconf 80' lang='lat' dir='ltr'><strong>libertates</strong></span> 
     </span>
     <span class='ocr_line' id='line_1_15' title="bbox 296 2054 2088 2160; baseline -0.001 -24"><span class='ocrx_word' id='word_1_148' title='bbox 296 2067 312 2104; x_wconf 80' lang='lat'><strong>,·</strong></span> <span class='ocrx_word' id='word_1_149' title='bbox 403 2057 585 2149; x_wconf 88' lang='lat' dir='ltr'><strong>ecclesie,</strong></span> <span class='ocrx_word' id='word_1_150' title='bbox 612 2055 851 2157; x_wconf 89' lang='lat' dir='ltr'><strong>episcopoet</strong></span> <span class='ocrx_word' id='word_1_151' title='bbox 877 2055 976 2131; x_wconf 89' lang='lat' dir='ltr'><strong>clero</strong></span> <span class='ocrx_word' id='word_1_152' title='bbox 1002 2055 1136 2130; x_wconf 83' lang='lat' dir='ltr'><strong>Wrot.</strong></span> <span class='ocrx_word' id='word_1_153' title='bbox 1164 2054 1358 2158; x_wconf 85' lang='lat' dir='ltr'><strong>dyocesis,</strong></span> <span class='ocrx_word' id='word_1_154' title='bbox 1392 2056 1564 2157; x_wconf 83' lang='lat' dir='ltr'><strong>religioso</strong></span> <span class='ocrx_word' id='word_1_155' title='bbox 1590 2057 1649 2134; x_wconf 86' lang='lat' dir='ltr'><strong>vel</strong></span> <span class='ocrx_word' id='word_1_156' title='bbox 1682 2058 1858 2150; x_wconf 81' lang='lat' dir='ltr'><strong>seculari,</strong></span> <span class='ocrx_word' id='word_1_157' title='bbox 1891 2083 1959 2160; x_wconf 90' lang='lat' dir='ltr'><strong>per</strong></span> <span class='ocrx_word' id='word_1_158' title='bbox 1983 2070 2088 2135; x_wconf 70' lang='lat' dir='ltr'><strong>cuoe·</strong></span> 
     </span>
    </p>
   </div>
   <div class='ocr_carea' id='block_1_3' title="bbox 265 2156 2180 2262">
    <p class='ocr_par' dir='ltr' id='par_1_3' title="bbox 265 2156 2180 2262">
     <span class='ocr_line' id='line_1_16' title="bbox 265 2156 2180 2262; baseline 0.004 -24"><span class='ocrx_word' id='word_1_159' title='bbox 265 2187 268 2192; x_wconf 88' lang='lat'><em>·</em></span> <span class='ocrx_word' id='word_1_160' title='bbox 403 2160 536 2238; x_wconf 88' lang='lat' dir='ltr'><strong>dictum</strong></span> <span class='ocrx_word' id='word_1_161' title='bbox 561 2171 697 2262; x_wconf 85' lang='lat' dir='ltr'><strong>patrem</strong></span> <span class='ocrx_word' id='word_1_162' title='bbox 723 2169 877 2235; x_wconf 88' lang='lat' dir='ltr'><strong>nostrum</strong></span> <span class='ocrx_word' id='word_1_163' title='bbox 905 2156 1026 2252; x_wconf 85' lang='lat' dir='ltr'><strong>detes,</strong></span> <span class='ocrx_word' id='word_1_164' title='bbox 1054 2171 1138 2236; x_wconf 79' lang='lat' dir='ltr'><strong>se&#39;w</strong></span> <span class='ocrx_word' id='word_1_165' title='bbox 1163 2160 1258 2234; x_wconf 87' lang='lat' dir='ltr'><strong>alias</strong></span> <span class='ocrx_word' id='word_1_166' title='bbox 1283 2185 1349 2260; x_wconf 88' lang='lat' dir='ltr'><strong>per</strong></span> <span class='ocrx_word' id='word_1_167' title='bbox 1374 2160 1489 2262; x_wconf 88' lang='lat' dir='ltr'><strong>ipsius</strong></span> <span class='ocrx_word' id='word_1_168' title='bbox 1514 2161 1628 2262; x_wconf 83' lang='lat' dir='ltr'><strong>patris</strong></span> <span class='ocrx_word' id='word_1_169' title='bbox 1654 2163 1765 2237; x_wconf 86' lang='lat' dir='ltr'><strong>nostri</strong></span> <span class='ocrx_word' id='word_1_170' title='bbox 1790 2161 1931 2238; x_wconf 87' lang='lat' dir='ltr'><strong>litteras</strong></span> <span class='ocrx_word' id='word_1_171' title='bbox 1958 2163 2089 2240; x_wconf 85' lang='lat' dir='ltr'><strong>conhr·</strong></span> <span class='ocrx_word' id='word_1_172' title='bbox 2179 2239 2180 2245; x_wconf 73' lang='grc'>,</span> 
     </span>
    </p>
   </div>
   <div class='ocr_carea' id='block_1_4' title="bbox 334 2261 2089 2884">
    <p class='ocr_par' dir='ltr' id='par_1_4' title="bbox 334 2261 2089 2884">
     <span class='ocr_line' id='line_1_17' title="bbox 334 2261 2089 2368; baseline 0.001 -27"><span class='ocrx_word' id='word_1_173' title='bbox 334 2261 339 2267; x_wconf 75' lang='grc'><strong>’</strong></span> <span class='ocrx_word' id='word_1_174' title='bbox 403 2265 575 2358; x_wconf 56' lang='lat' dir='ltr'><strong>matam),</strong></span> <span class='ocrx_word' id='word_1_175' title='bbox 602 2274 703 2340; x_wconf 85' lang='lat' dir='ltr'><strong>rates</strong></span> <span class='ocrx_word' id='word_1_176' title='bbox 730 2276 768 2340; x_wconf 87' lang='lat' dir='ltr'><strong>ct</strong></span> <span class='ocrx_word' id='word_1_177' title='bbox 793 2273 919 2362; x_wconf 82' lang='lat' dir='ltr'><strong>gretes</strong></span> <span class='ocrx_word' id='word_1_178' title='bbox 944 2261 1118 2338; x_wconf 81' lang='lat' dir='ltr'><strong>hebemus</strong></span> <span class='ocrx_word' id='word_1_179' title='bbox 1145 2273 1182 2339; x_wconf 90' lang='lat' dir='ltr'><strong>et</strong></span> <span class='ocrx_word' id='word_1_180' title='bbox 1207 2263 1310 2364; x_wconf 87' lang='lat' dir='ltr'><strong>ipses</strong></span> <span class='ocrx_word' id='word_1_181' title='bbox 1336 2265 1517 2365; x_wconf 74' lang='lat' dir='ltr'><strong>presentis</strong></span> <span class='ocrx_word' id='word_1_182' title='bbox 1535 2266 1660 2368; x_wconf 88' lang='lat' dir='ltr'><strong>scripti</strong></span> <span class='ocrx_word' id='word_1_183' title='bbox 1681 2265 1877 2368; x_wconf 82' lang='lat' dir='ltr'><strong>patrocinio</strong></span> <span class='ocrx_word' id='word_1_184' title='bbox 1901 2266 2089 2342; x_wconf 80' lang='lat' dir='ltr'><strong>confirmo·</strong></span> 
     </span>
     <span class='ocr_line' id='line_1_18' title="bbox 403 2363 2089 2470; baseline 0 -25"><span class='ocrx_word' id='word_1_185' title='bbox 403 2395 499 2461; x_wconf 88' lang='lat' dir='ltr'><strong>mus,</strong></span> <span class='ocrx_word' id='word_1_186' title='bbox 525 2369 771 2470; x_wconf 82' lang='lat' dir='ltr'><strong>promittentes</strong></span> <span class='ocrx_word' id='word_1_187' title='bbox 798 2363 988 2442; x_wconf 84' lang='lat' dir='ltr'><strong>bona-fide</strong></span> <span class='ocrx_word' id='word_1_188' title='bbox 1016 2375 1054 2442; x_wconf 89' lang='lat' dir='ltr'><strong>et</strong></span> <span class='ocrx_word' id='word_1_189' title='bbox 1079 2366 1158 2443; x_wconf 89' lang='lat' dir='ltr'><strong>siue</strong></span> <span class='ocrx_word' id='word_1_190' title='bbox 1185 2365 1356 2468; x_wconf 85' lang='lat' dir='ltr'><strong>scrupulo</strong></span> <span class='ocrx_word' id='word_1_191' title='bbox 1382 2368 1494 2444; x_wconf 87' lang='lat' dir='ltr'><strong>omnis</strong></span> <span class='ocrx_word' id='word_1_192' title='bbox 1520 2366 1611 2461; x_wconf 90' lang='lat' dir='ltr'><strong>doli,</strong></span> <span class='ocrx_word' id='word_1_193' title='bbox 1643 2369 1831 2446; x_wconf 79' lang='lat' dir='ltr'><strong>libertates</strong></span> <span class='ocrx_word' id='word_1_194' title='bbox 1856 2367 2007 2446; x_wconf 83' lang='lat' dir='ltr'><strong>eosdem</strong></span> <span class='ocrx_word' id='word_1_195' title='bbox 2032 2370 2089 2445; x_wconf 90' lang='lat' dir='ltr'><strong>in·</strong></span> 
     </span>
     <span class='ocr_line' id='line_1_19' title="bbox 402 2470 2089 2572; baseline 0.001 -24"><span class='ocrx_word' id='word_1_196' title='bbox 402 2471 619 2548; x_wconf 85' lang='lat' dir='ltr'><strong>violabiliter</strong></span> <span class='ocrx_word' id='word_1_197' title='bbox 642 2473 677 2546; x_wconf 90' lang='lat' dir='ltr'><strong>in</strong></span> <span class='ocrx_word' id='word_1_198' title='bbox 703 2481 911 2572; x_wconf 88' lang='lat' dir='ltr'><strong>perpetuum</strong></span> <span class='ocrx_word' id='word_1_199' title='bbox 938 2471 1146 2548; x_wconf 86' lang='lat' dir='ltr'><strong>observare.</strong></span> <span class='ocrx_word' id='word_1_200' title='bbox 1215 2470 1278 2546; x_wconf 88' lang='lat' dir='ltr'><strong>Ne</strong></span> <span class='ocrx_word' id='word_1_201' title='bbox 1304 2483 1421 2548; x_wconf 79' lang='lat' dir='ltr'><strong>autern</strong></span> <span class='ocrx_word' id='word_1_202' title='bbox 1451 2470 1615 2572; x_wconf 85' lang='lat' dir='ltr'><strong>predicte</strong></span> <span class='ocrx_word' id='word_1_203' title='bbox 1645 2473 1911 2552; x_wconf 82' lang='lat' dir='ltr'><strong>ratifioaciones</strong></span> <span class='ocrx_word' id='word_1_204' title='bbox 1936 2483 1975 2550; x_wconf 90' lang='lat' dir='ltr'><strong>et</strong></span> <span class='ocrx_word' id='word_1_205' title='bbox 2000 2497 2089 2550; x_wconf 91' lang='lat' dir='ltr'><strong>con-</strong></span> 
     </span>
     <span class='ocr_line' id='line_1_20' title="bbox 402 2573 2088 2678; baseline 0.001 -28"><span class='ocrx_word' id='word_1_206' title='bbox 402 2575 629 2663; x_wconf 79' lang='lat' dir='ltr'><strong>lirmociones</strong></span> <span class='ocrx_word' id='word_1_207' title='bbox 654 2586 776 2650; x_wconf 87' lang='lat' dir='ltr'><strong>nostre</strong></span> <span class='ocrx_word' id='word_1_208' title='bbox 802 2573 995 2672; x_wconf 87' lang='lat' dir='ltr'><strong>aliquorum</strong></span> <span class='ocrx_word' id='word_1_209' title='bbox 1020 2573 1280 2651; x_wconf 88' lang='lat' dir='ltr'><strong>interveniente</strong></span> <span class='ocrx_word' id='word_1_210' title='bbox 1298 2575 1498 2677; x_wconf 77' lang='lat' dir='ltr'><strong>calumpnia</strong></span> <span class='ocrx_word' id='word_1_211' title='bbox 1522 2576 1584 2652; x_wconf 88' lang='lat' dir='ltr'><strong>vel</strong></span> <span class='ocrx_word' id='word_1_212' title='bbox 1609 2577 1752 2654; x_wconf 80' lang='lat' dir='ltr'><strong>malicie</strong></span> <span class='ocrx_word' id='word_1_213' title='bbox 1774 2577 1809 2652; x_wconf 91' lang='lat' dir='ltr'><strong>in</strong></span> <span class='ocrx_word' id='word_1_214' title='bbox 1833 2587 2016 2678; x_wconf 83' lang='lat' dir='ltr'><strong>posterum</strong></span> <span class='ocrx_word' id='word_1_215' title='bbox 2031 2577 2088 2652; x_wconf 90' lang='lat' dir='ltr'><strong>in-</strong></span> 
     </span>
     <span class='ocr_line' id='line_1_21' title="bbox 403 2677 2087 2781; baseline 0.003 -27"><span class='ocrx_word' id='word_1_216' title='bbox 403 2679 599 2769; x_wconf 82' lang='lat' dir='ltr'><strong>firmentur,</strong></span> <span class='ocrx_word' id='word_1_217' title='bbox 632 2687 823 2778; x_wconf 74' lang='lat' dir='ltr'><strong>presentes</strong></span> <span class='ocrx_word' id='word_1_218' title='bbox 847 2677 988 2753; x_wconf 85' lang='lat' dir='ltr'><strong>littores</strong></span> <span class='ocrx_word' id='word_1_219' title='bbox 1021 2677 1131 2754; x_wconf 88' lang='lat' dir='ltr'><strong>scribi</strong></span> <span class='ocrx_word' id='word_1_220' title='bbox 1157 2677 1309 2756; x_wconf 82' lang='lat' dir='ltr'><strong>fecimus</strong></span> <span class='ocrx_word' id='word_1_221' title='bbox 1336 2703 1382 2756; x_wconf 92' lang='lat' dir='ltr'><strong>ac</strong></span> <span class='ocrx_word' id='word_1_222' title='bbox 1415 2680 1527 2756; x_wconf 88' lang='lat' dir='ltr'><strong>nostri</strong></span> <span class='ocrx_word' id='word_1_223' title='bbox 1561 2691 1598 2756; x_wconf 90' lang='lat' dir='ltr'><strong>et</strong></span> <span class='ocrx_word' id='word_1_224' title='bbox 1628 2681 1750 2764; x_wconf 83' lang='lat' dir='ltr'><strong>metris</strong></span> <span class='ocrx_word' id='word_1_225' title='bbox 1775 2693 1898 2758; x_wconf 88' lang='lat' dir='ltr'><strong>nostre</strong></span> <span class='ocrx_word' id='word_1_226' title='bbox 1923 2678 2087 2781; x_wconf 86' lang='lat' dir='ltr'><strong>predicte</strong></span> 
     </span>
     <span class='ocr_line' id='line_1_22' title="bbox 404 2777 2084 2884; baseline 0.001 -26"><span class='ocrx_word' id='word_1_227' title='bbox 404 2782 599 2882; x_wconf 77' lang='lat' dir='ltr'><strong>sigillorum</strong></span> <span class='ocrx_word' id='word_1_228' title='bbox 625 2780 809 2856; x_wconf 88' lang='lat' dir='ltr'><strong>munimine</strong></span> <span class='ocrx_word' id='word_1_229' title='bbox 834 2779 1004 2856; x_wconf 87' lang='lat' dir='ltr'><strong>roborari.</strong></span> <span class='ocrx_word' id='word_1_230' title='bbox 1048 2783 1180 2859; x_wconf 85' lang='lat' dir='ltr'><strong>Actum</strong></span> <span class='ocrx_word' id='word_1_231' title='bbox 1204 2794 1241 2858; x_wconf 92' lang='lat' dir='ltr'><strong>et</strong></span> <span class='ocrx_word' id='word_1_232' title='bbox 1266 2777 1385 2858; x_wconf 89' lang='lat' dir='ltr'><strong>datum</strong></span> <span class='ocrx_word' id='word_1_233' title='bbox 1401 2783 1436 2858; x_wconf 89' lang='lat' dir='ltr'><strong>iu</strong></span> <span class='ocrx_word' id='word_1_234' title='bbox 1456 2781 1697 2876; x_wconf 85' lang='lat' dir='ltr'><strong>Olesuicz,</strong></span> <span class='ocrx_word' id='word_1_235' title='bbox 1725 2782 1990 2884; x_wconf 85' lang='lat' dir='ltr'><strong>quartodecimo</strong></span> <span class='ocrx_word' id='word_1_236' title='bbox 2012 2786 2084 2859; x_wconf 84' lang='lat' dir='ltr'><strong>lra-</strong></span> 
     </span>
    </p>
   </div>
   <div class='ocr_carea' id='block_1_5' title="bbox 402 2882 2087 3298">
    <p class='ocr_par' dir='ltr' id='par_1_5' title="bbox 402 2882 2087 3298">
     <span class='ocr_line' id='line_1_23' title="bbox 402 2882 2085 2988; baseline -0.001 -25"><span class='ocrx_word' id='word_1_237' title='bbox 402 2883 536 2964; x_wconf 82' lang='lat' dir='ltr'><strong>lendas</strong></span> <span class='ocrx_word' id='word_1_238' title='bbox 551 2885 703 2988; x_wconf 85' lang='lat' dir='ltr'><strong>Aprilis,</strong></span> <span class='ocrx_word' id='word_1_239' title='bbox 717 2909 752 2959; x_wconf 85' lang='lat' dir='ltr'><strong>c.</strong></span> <span class='ocrx_word' id='word_1_240' title='bbox 767 2882 859 2958; x_wconf 92' lang='lat' dir='ltr'><strong>dom.</strong></span> <span class='ocrx_word' id='word_1_241' title='bbox 873 2883 1057 2960; x_wconf 87' lang='lat' dir='ltr'><strong>millesimo</strong></span> <span class='ocrx_word' id='word_1_242' title='bbox 1066 2886 1318 2962; x_wconf 82' lang='lat' dir='ltr'><strong>trecentesimo</strong></span> <span class='ocrx_word' id='word_1_243' title='bbox 1326 2883 1909 2988; x_wconf 88' lang='lat' dir='ltr'><strong>decimo,prcseutibusAlherto</strong></span> <span class='ocrx_word' id='word_1_244' title='bbox 1923 2885 1971 2963; x_wconf 86' lang='lat' dir='ltr'><strong>da</strong></span> <span class='ocrx_word' id='word_1_245' title='bbox 1993 2887 2085 2964; x_wconf 86' lang='lat' dir='ltr'><strong>ilero</strong></span> 
     </span>
     <span class='ocr_line' id='line_1_24' title="bbox 403 2915 2087 3092; baseline -0.001 -25"><span class='ocrx_word' id='word_1_246' title='bbox 403 2989 504 3068; x_wconf 89' lang='lat' dir='ltr'><strong>dicto</strong></span> <span class='ocrx_word' id='word_1_247' title='bbox 530 2987 579 3067; x_wconf 86' lang='lat' dir='ltr'><strong>dc</strong></span> <span class='ocrx_word' id='word_1_248' title='bbox 610 2989 747 3080; x_wconf 88' lang='lat' dir='ltr'><strong>Burn,</strong></span> <span class='ocrx_word' id='word_1_249' title='bbox 779 2985 1010 3064; x_wconf 88' lang='lat' dir='ltr'><strong>Bernardo</strong></span> <span class='ocrx_word' id='word_1_250' title='bbox 1037 2987 1086 3065; x_wconf 91' lang='lat' dir='ltr'><strong>de</strong></span> <span class='ocrx_word' id='word_1_251' title='bbox 1110 2988 1359 3082; x_wconf 83' lang='lat' dir='ltr'><strong>Kenrencz,</strong></span> <span class='ocrx_word' id='word_1_252' title='bbox 1394 2989 1555 3067; x_wconf 84' lang='lat' dir='ltr'><strong>Ottoue</strong></span> <span class='ocrx_word' id='word_1_253' title='bbox 1581 2988 1629 3066; x_wconf 89' lang='lat' dir='ltr'><strong>dc</strong></span> <span class='ocrx_word' id='word_1_254' title='bbox 1655 2992 1828 3092; x_wconf 89' lang='lat' dir='ltr'><strong>Donyn,</strong></span> <span class='ocrx_word' id='word_1_255' title='bbox 1856 2915 2087 3068; x_wconf 79' lang='lat' dir='ltr'><strong>&#39;l&#39;hodrico</strong></span> 
     </span>
     <span class='ocr_line' id='line_1_25' title="bbox 404 3091 2087 3196; baseline 0 -26"><span class='ocrx_word' id='word_1_256' title='bbox 404 3095 499 3194; x_wconf 87' lang='lat' dir='ltr'><strong>(sio)</strong></span> <span class='ocrx_word' id='word_1_257' title='bbox 532 3092 581 3170; x_wconf 90' lang='lat' dir='ltr'><strong>de</strong></span> <span class='ocrx_word' id='word_1_258' title='bbox 605 3092 956 3182; x_wconf 75' lang='lat' dir='ltr'><strong>Frenkeuberlr‚</strong></span> <span class='ocrx_word' id='word_1_259' title='bbox 989 3091 1191 3169; x_wconf 77' lang='lat' dir='ltr'><strong>Aruoldo</strong></span> <span class='ocrx_word' id='word_1_260' title='bbox 1217 3091 1265 3169; x_wconf 91' lang='lat' dir='ltr'><strong>de</strong></span> <span class='ocrx_word' id='word_1_261' title='bbox 1288 3095 1417 3187; x_wconf 84' lang='lat' dir='ltr'><strong>How,</strong></span> <span class='ocrx_word' id='word_1_262' title='bbox 1443 3094 1668 3196; x_wconf 84' lang='lat' dir='ltr'><strong>Lutolpho</strong></span> <span class='ocrx_word' id='word_1_263' title='bbox 1690 3095 1889 3180; x_wconf 76' lang='lat' dir='ltr'><strong>scolastico</strong></span> <span class='ocrx_word' id='word_1_264' title='bbox 1913 3095 2087 3196; x_wconf 81' lang='lat' dir='ltr'><strong>Glogo·</strong></span> 
     </span>
     <span class='ocr_line' id='line_1_26' title="bbox 403 3193 2063 3298; baseline -0.001 -24"><span class='ocrx_word' id='word_1_265' title='bbox 403 3199 576 3294; x_wconf 87' lang='lat' dir='ltr'><strong>nicusi,</strong></span> <span class='ocrx_word' id='word_1_266' title='bbox 605 3195 835 3275; x_wconf 87' lang='lat' dir='ltr'><strong>Nicholoo</strong></span> <span class='ocrx_word' id='word_1_267' title='bbox 862 3194 911 3272; x_wconf 90' lang='lat' dir='ltr'><strong>dc</strong></span> <span class='ocrx_word' id='word_1_268' title='bbox 936 3193 1169 3273; x_wconf 85' lang='lat' dir='ltr'><strong>Sondouel</strong></span> <span class='ocrx_word' id='word_1_269' title='bbox 1195 3198 1369 3275; x_wconf 83' lang='lat' dir='ltr'><strong>canonico</strong></span> <span class='ocrx_word' id='word_1_270' title='bbox 1396 3198 1696 3298; x_wconf 84' lang='lat' dir='ltr'><strong>Glogouieusi</strong></span> <span class='ocrx_word' id='word_1_271' title='bbox 1723 3210 1760 3275; x_wconf 91' lang='lat' dir='ltr'><strong>et</strong></span> <span class='ocrx_word' id='word_1_272' title='bbox 1785 3199 1867 3276; x_wconf 82' lang='lat' dir='ltr'><strong>aliis</strong></span> <span class='ocrx_word' id='word_1_273' title='bbox 1892 3197 2063 3290; x_wconf 84' lang='lat' dir='ltr'><strong>multis³).</strong></span> 
     </span>
    </p>
   </div>
   <div class='ocr_carea' id='block_1_6' title="bbox 448 3465 2089 3645">
    <p class='ocr_par' dir='ltr' id='par_1_6' title="bbox 448 3465 2089 3645">
     <span class='ocr_line' id='line_1_27' title="bbox 448 3465 2089 3570; baseline 0.002 -38"><span class='ocrx_word' id='word_1_274' title='bbox 448 3475 481 3553; x_wconf 86' lang='lat'><strong>1)</strong></span> <span class='ocrx_word' id='word_1_275' title='bbox 507 3471 557 3569; x_wconf 82' lang='lat'>¹¹¹¹.</span> <span class='ocrx_word' id='word_1_276' title='bbox 578 3466 741 3570; x_wconf 57' lang='grc' dir='ltr'><strong>ΙΟιίεἱιιιιΙε</strong></span> <span class='ocrx_word' id='word_1_277' title='bbox 762 3467 833 3568; x_wconf 75' lang='lat' dir='ltr'><strong>sind</strong></span> <span class='ocrx_word' id='word_1_278' title='bbox 854 3467 905 3532; x_wconf 87' lang='lat' dir='ltr'><strong>die</strong></span> <span class='ocrx_word' id='word_1_279' title='bbox 928 3467 977 3534; x_wconf 87' lang='lat' dir='ltr'><strong>ein</strong></span> <span class='ocrx_word' id='word_1_280' title='bbox 1002 3465 1221 3534; x_wconf 86' lang='lat' dir='ltr'><strong>eschlosseneu</strong></span> <span class='ocrx_word' id='word_1_281' title='bbox 1235 3467 1359 3551; x_wconf 56' lang='lat' dir='ltr'><strong>,Worte</strong></span> <span class='ocrx_word' id='word_1_282' title='bbox 1381 3465 1562 3551; x_wconf 86' lang='lat' dir='ltr'><strong>erlosehen,</strong></span> <span class='ocrx_word' id='word_1_283' title='bbox 1590 3469 1690 3536; x_wconf 80' lang='lat' dir='ltr'><strong>daher</strong></span> <span class='ocrx_word' id='word_1_284' title='bbox 1716 3468 1867 3536; x_wconf 85' lang='lat' dir='ltr'><strong>eusdem</strong></span> <span class='ocrx_word' id='word_1_285' title='bbox 1890 3467 1973 3536; x_wconf 84' lang='lat' dir='ltr'><strong>liber</strong></span> <span class='ocrx_word' id='word_1_286' title='bbox 1998 3471 2089 3562; x_wconf 76' lang='lat' dir='ltr'><strong>niger</strong></span> 
     </span>
     <span class='ocr_line' id='line_1_28' title="bbox 506 3551 1345 3645; baseline -0.002 -25"><span class='ocrx_word' id='word_1_287' title='bbox 506 3554 698 3645; x_wconf 81' lang='lat' dir='ltr'><strong>pnvdegror.</strong></span> <span class='ocrx_word' id='word_1_288' title='bbox 720 3577 815 3644; x_wconf 80' lang='lat' dir='ltr'><strong>episc.</strong></span> <span class='ocrx_word' id='word_1_289' title='bbox 838 3553 944 3620; x_wconf 79' lang='lat' dir='ltr'><strong>Wrat.</strong></span> <span class='ocrx_word' id='word_1_290' title='bbox 980 3551 1021 3618; x_wconf 92' lang='lat' dir='ltr'><strong>ol.</strong></span> <span class='ocrx_word' id='word_1_291' title='bbox 1042 3553 1108 3618; x_wconf 77' lang='lat'><strong>420</strong></span> <span class='ocrx_word' id='word_1_292' title='bbox 1129 3560 1268 3643; x_wconf 79' lang='lat' dir='ltr'><strong>ergiinzt.</strong></span> <span class='ocrx_word' id='word_1_293' title='bbox 1341 3581 1345 3586; x_wconf 94' lang='lat'>·</span> 
     </span>
    </p>
   </div>
   <div class='ocr_carea' id='block_1_7' title="bbox 446 3669 1751 3755">
    <p class='ocr_par' dir='ltr' id='par_1_7' title="bbox 446 3669 1751 3755">
     <span class='ocr_line' id='line_1_29' title="bbox 446 3669 1751 3755; baseline -0.002 -17"><span class='ocrx_word' id='word_1_294' title='bbox 446 3679 479 3755; x_wconf 71' lang='lat'><strong>2)</strong></span> <span class='ocrx_word' id='word_1_295' title='bbox 505 3673 539 3739; x_wconf 84' lang='lat' dir='ltr'><strong>S.</strong></span> <span class='ocrx_word' id='word_1_296' title='bbox 560 3673 612 3738; x_wconf 86' lang='lat' dir='ltr'><strong>die</strong></span> <span class='ocrx_word' id='word_1_297' title='bbox 636 3669 811 3738; x_wconf 79' lang='lat' dir='ltr'><strong>Urlrunden</strong></span> <span class='ocrx_word' id='word_1_298' title='bbox 832 3673 872 3740; x_wconf 90' lang='lat' dir='ltr'><strong>N.</strong></span> <span class='ocrx_word' id='word_1_299' title='bbox 894 3671 1046 3751; x_wconf 85' lang='lat' dir='ltr'><strong>CCLVll,</strong></span> <span class='ocrx_word' id='word_1_300' title='bbox 1068 3671 1220 3738; x_wconf 79' lang='lat' dir='ltr'>CCLVIII</span> <span class='ocrx_word' id='word_1_301' title='bbox 1240 3675 1306 3736; x_wconf 90' lang='lat' dir='ltr'><strong>und</strong></span> <span class='ocrx_word' id='word_1_302' title='bbox 1329 3671 1468 3738; x_wconf 86' lang='lat' dir='ltr'><strong>CCLXl.</strong></span> <span class='ocrx_word' id='word_1_303' title='bbox 1748 3743 1751 3750; x_wconf 41' lang='grc'>,</span> 
     </span>
    </p>
   </div>
   <div class='ocr_carea' id='block_1_8' title="bbox 410 3789 2088 4479">
    <p class='ocr_par' dir='ltr' id='par_1_8' title="bbox 410 3789 2088 4479">
     <span class='ocr_line' id='line_1_30' title="bbox 410 3789 2087 3940; baseline 0.002 -85"><span class='ocrx_word' id='word_1_304' title='bbox 410 3825 413 3830; x_wconf 37' lang='lat' dir='ltr'>v</span> <span class='ocrx_word' id='word_1_305' title='bbox 448 3793 481 3880; x_wconf 77' lang='lat'><strong>³)</strong></span> <span class='ocrx_word' id='word_1_306' title='bbox 508 3792 570 3857; x_wconf 87' lang='lat' dir='ltr'><strong>Mit</strong></span> <span class='ocrx_word' id='word_1_307' title='bbox 590 3790 771 3882; x_wconf 79' lang='lat' dir='ltr'><strong>Beziehung</strong></span> <span class='ocrx_word' id='word_1_308' title='bbox 790 3791 849 3858; x_wconf 80' lang='lat' dir='ltr'><strong>aul</strong></span> <span class='ocrx_word' id='word_1_309' title='bbox 865 3789 919 3857; x_wconf 84' lang='lat' dir='ltr'><strong>cb&#39;</strong></span> <span class='ocrx_word' id='word_1_310' title='bbox 942 3813 960 3856; x_wconf 84' lang='lat' dir='ltr'><strong>e</strong></span> <span class='ocrx_word' id='word_1_311' title='bbox 981 3790 1138 3857; x_wconf 84' lang='lat' dir='ltr'><strong>Urhunde</strong></span> <span class='ocrx_word' id='word_1_312' title='bbox 1160 3813 1228 3856; x_wconf 85' lang='lat' dir='ltr'><strong>vers</strong></span> <span class='ocrx_word' id='word_1_313' title='bbox 1253 3790 1328 3856; x_wconf 83' lang='lat' dir='ltr'><strong>rach</strong></span> <span class='ocrx_word' id='word_1_314' title='bbox 1350 3790 1488 3856; x_wconf 84' lang='grc' dir='ltr'><strong>6.Μέιή</strong></span> <span class='ocrx_word' id='word_1_315' title='bbox 1511 3791 1591 3857; x_wconf 82' lang='grc'><strong>1311</strong></span> <span class='ocrx_word' id='word_1_316' title='bbox 1615 3789 1813 3940; x_wconf 53' lang='lat' dir='ltr'><strong>Mechppldh,</strong></span> <span class='ocrx_word' id='word_1_317' title='bbox 1843 3795 2003 3884; x_wconf 76' lang='lat' dir='ltr'><strong>Herzogln</strong></span> <span class='ocrx_word' id='word_1_318' title='bbox 2025 3815 2087 3858; x_wconf 85' lang='lat' dir='ltr'><strong>von</strong></span> 
     </span>
     <span class='ocr_line' id='line_1_31' title="bbox 509 3873 2087 3960; baseline 0 -18"><span class='ocrx_word' id='word_1_319' title='bbox 509 3875 680 3960; x_wconf 67' lang='lat' dir='ltr'><strong>Schlesicm</strong></span> <span class='ocrx_word' id='word_1_320' title='bbox 700 3877 816 3944; x_wconf 83' lang='lat' dir='ltr'><strong>Herriu</strong></span> <span class='ocrx_word' id='word_1_321' title='bbox 830 3899 892 3944; x_wconf 86' lang='lat' dir='ltr'><strong>von</strong></span> <span class='ocrx_word' id='word_1_322' title='bbox 949 3899 1041 3958; x_wconf 82' lang='lat' dir='ltr'><strong>oon,</strong></span> <span class='ocrx_word' id='word_1_323' title='bbox 1062 3876 1114 3942; x_wconf 88' lang='lat' dir='ltr'><strong>die</strong></span> <span class='ocrx_word' id='word_1_324' title='bbox 1133 3878 1227 3943; x_wconf 84' lang='lat' dir='ltr'><strong>voni</strong></span> <span class='ocrx_word' id='word_1_325' title='bbox 1287 3899 1319 3942; x_wconf 88' lang='lat' dir='ltr'><strong>m</strong></span> <span class='ocrx_word' id='word_1_326' title='bbox 1333 3873 1465 3942; x_wconf 81' lang='lat' dir='ltr'><strong>Gemele</strong></span> <span class='ocrx_word' id='word_1_327' title='bbox 1487 3877 1553 3942; x_wconf 89' lang='lat' dir='ltr'><strong>und</strong></span> <span class='ocrx_word' id='word_1_328' title='bbox 1575 3877 1685 3944; x_wconf 76' lang='lat' dir='ltr'><strong>descen</strong></span> <span class='ocrx_word' id='word_1_329' title='bbox 1728 3873 1879 3942; x_wconf 70' lang='lat' dir='ltr'><strong>ordehren</strong></span> <span class='ocrx_word' id='word_1_330' title='bbox 1893 3877 1952 3944; x_wconf 83' lang='lat' dir='ltr'><strong>der</strong></span> <span class='ocrx_word' id='word_1_331' title='bbox 1964 3875 2087 3944; x_wconf 81' lang='lat' dir='ltr'><strong>Kirche</strong></span> 
     </span>
     <span class='ocr_line' id='line_1_32' title="bbox 508 3901 2088 4055; baseline 0.001 -28"><span class='ocrx_word' id='word_1_332' title='bbox 508 3961 699 4054; x_wconf 83' lang='lat' dir='ltr'><strong>hewilligten</strong></span> <span class='ocrx_word' id='word_1_333' title='bbox 721 3961 898 4028; x_wconf 84' lang='lat' dir='ltr'><strong>Freiheiten</strong></span> <span class='ocrx_word' id='word_1_334' title='bbox 919 3901 1016 4028; x_wconf 71' lang='lat' dir='ltr'><strong>anolo:</strong></span> <span class='ocrx_word' id='word_1_335' title='bbox 1039 3963 1072 4026; x_wconf 88' lang='lat' dir='ltr'><strong>iu</strong></span> <span class='ocrx_word' id='word_1_336' title='bbox 1093 3963 1184 4028; x_wconf 88' lang='lat' dir='ltr'><strong>terris</strong></span> <span class='ocrx_word' id='word_1_337' title='bbox 1206 3985 1287 4048; x_wconf 73' lang='lat' dir='ltr'><strong>quae</strong></span> <span class='ocrx_word' id='word_1_338' title='bbox 1308 3961 1351 4026; x_wconf 84' lang='lat' dir='ltr'><strong>ed</strong></span> <span class='ocrx_word' id='word_1_339' title='bbox 1372 3983 1463 4026; x_wconf 89' lang='lat' dir='ltr'><strong>suum</strong></span> <span class='ocrx_word' id='word_1_340' title='bbox 1486 3960 1664 4028; x_wconf 82' lang='lat' dir='ltr'><strong>dotalitium</strong></span> <span class='ocrx_word' id='word_1_341' title='bbox 1687 3975 1718 4028; x_wconf 87' lang='lat' dir='ltr'><strong>et</strong></span> <span class='ocrx_word' id='word_1_342' title='bbox 1733 3962 1911 4031; x_wconf 82' lang='lat' dir='ltr'><strong>dominium</strong></span> <span class='ocrx_word' id='word_1_343' title='bbox 1931 3960 2088 4055; x_wconf 79' lang='lat' dir='ltr'><strong>gehiirten</strong></span> 
     </span>
     <span class='ocr_line' id='line_1_33' title="bbox 509 4043 2088 4139; baseline 0 -27"><span class='ocrx_word' id='word_1_344' title='bbox 509 4045 692 4127; x_wconf 83' lang='lat' dir='ltr'><strong>unverletzt,</strong></span> <span class='ocrx_word' id='word_1_345' title='bbox 714 4070 749 4112; x_wconf 91' lang='lat' dir='ltr'><strong>so</strong></span> <span class='ocrx_word' id='word_1_346' title='bbox 770 4044 863 4139; x_wconf 78' lang='lat' dir='ltr'><strong>lenge</strong></span> <span class='ocrx_word' id='word_1_347' title='bbox 886 4047 930 4112; x_wconf 89' lang='lat' dir='ltr'><strong>sie</strong></span> <span class='ocrx_word' id='word_1_348' title='bbox 951 4045 1046 4112; x_wconf 88' lang='lat' dir='ltr'><strong>leben</strong></span> <span class='ocrx_word' id='word_1_349' title='bbox 1060 4047 1174 4128; x_wconf 86' lang='lat' dir='ltr'><strong>werde,</strong></span> <span class='ocrx_word' id='word_1_350' title='bbox 1196 4072 1234 4112; x_wconf 88' lang='lat' dir='ltr'><strong>zu</strong></span> <span class='ocrx_word' id='word_1_351' title='bbox 1256 4045 1456 4112; x_wconf 86' lang='lat' dir='ltr'><strong>heobechten</strong></span> <span class='ocrx_word' id='word_1_352' title='bbox 1471 4047 1537 4112; x_wconf 87' lang='lat' dir='ltr'><strong>und</strong></span> <span class='ocrx_word' id='word_1_353' title='bbox 1552 4045 1696 4113; x_wconf 78' lang='lat' dir='ltr'><strong>auhecht</strong></span> <span class='ocrx_word' id='word_1_354' title='bbox 1710 4071 1749 4111; x_wconf 82' lang='lat' dir='ltr'><strong>zu</strong></span> <span class='ocrx_word' id='word_1_355' title='bbox 1771 4043 1924 4130; x_wconf 83' lang='lat' dir='ltr'><strong>erbulten,</strong></span> <span class='ocrx_word' id='word_1_356' title='bbox 1943 4047 2011 4112; x_wconf 90' lang='lat' dir='ltr'><strong>und</strong></span> <span class='ocrx_word' id='word_1_357' title='bbox 2030 4071 2088 4112; x_wconf 82' lang='lat' dir='ltr'><strong>zm·</strong></span> 
     </span>
     <span class='ocr_line' id='line_1_34' title="bbox 510 4129 2088 4225; baseline -0.003 -25"><span class='ocrx_word' id='word_1_358' title='bbox 510 4133 749 4225; x_wconf 82' lang='lat' dir='ltr'><strong>Genugthuung</strong></span> <span class='ocrx_word' id='word_1_359' title='bbox 769 4133 824 4196; x_wconf 89' lang='lat' dir='ltr'><strong>des</strong></span> <span class='ocrx_word' id='word_1_360' title='bbox 846 4131 1007 4198; x_wconf 86' lang='lat' dir='ltr'><strong>Schedens</strong></span> <span class='ocrx_word' id='word_1_361' title='bbox 1028 4131 1094 4196; x_wconf 89' lang='lat' dir='ltr'><strong>und</strong></span> <span class='ocrx_word' id='word_1_362' title='bbox 1117 4131 1174 4198; x_wconf 89' lang='lat' dir='ltr'><strong>der</strong></span> <span class='ocrx_word' id='word_1_363' title='bbox 1188 4131 1300 4198; x_wconf 77' lang='lat' dir='ltr'><strong>nelesu’</strong></span> <span class='ocrx_word' id='word_1_364' title='bbox 1346 4155 1365 4196; x_wconf 91' lang='lat' dir='ltr'><strong>u</strong></span> <span class='ocrx_word' id='word_1_365' title='bbox 1389 4155 1445 4212; x_wconf 86' lang='lat' dir='ltr'><strong>en,</strong></span> <span class='ocrx_word' id='word_1_366' title='bbox 1466 4129 1585 4198; x_wconf 85' lang='lat' dir='ltr'><strong>welche</strong></span> <span class='ocrx_word' id='word_1_367' title='bbox 1607 4135 1658 4198; x_wconf 90' lang='lat' dir='ltr'><strong>die</strong></span> <span class='ocrx_word' id='word_1_368' title='bbox 1681 4131 1823 4198; x_wconf 87' lang='lat' dir='ltr'><strong>Kirchen</strong></span> <span class='ocrx_word' id='word_1_369' title='bbox 1849 4139 1916 4198; x_wconf 82' lang='lat' dir='ltr'><strong>”ter</strong></span> <span class='ocrx_word' id='word_1_370' title='bbox 1936 4131 2088 4198; x_wconf 81' lang='lat' dir='ltr'><strong>wiihrend</strong></span> 
     </span>
     <span class='ocr_line' id='line_1_35' title="bbox 509 4155 2086 4310; baseline 0.001 -27"><span class='ocrx_word' id='word_1_371' title='bbox 509 4217 596 4284; x_wconf 87' lang='lat' dir='ltr'><strong>ihrer</strong></span> <span class='ocrx_word' id='word_1_372' title='bbox 616 4213 1006 4304; x_wconf 81' lang='lat' dir='ltr'><strong>(vermundsehalllichcn)</strong></span> <span class='ocrx_word' id='word_1_373' title='bbox 1028 4217 1209 4310; x_wconf 82' lang='lat' dir='ltr'><strong>Regiemug</strong></span> <span class='ocrx_word' id='word_1_374' title='bbox 1230 4155 1420 4282; x_wconf 37' lang='lat' dir='ltr'><strong>dmchlidre</strong></span> <span class='ocrx_word' id='word_1_375' title='bbox 1439 4217 1555 4284; x_wconf 86' lang='lat' dir='ltr'><strong>beiden</strong></span> <span class='ocrx_word' id='word_1_376' title='bbox 1570 4217 1677 4284; x_wconf 77' lang='lat' dir='ltr'><strong>Siihne</strong></span> <span class='ocrx_word' id='word_1_377' title='bbox 1697 4217 1826 4282; x_wconf 84' lang='lat' dir='ltr'><strong>Heimric</strong></span> <span class='ocrx_word' id='word_1_378' title='bbox 1869 4217 1935 4282; x_wconf 88' lang='lat' dir='ltr'><strong>und</strong></span> <span class='ocrx_word' id='word_1_379' title='bbox 1949 4217 2086 4284; x_wconf 75' lang='lat' dir='ltr'><strong>Konrtd</strong></span> 
     </span>
     <span class='ocr_line' id='line_1_36' title="bbox 508 4299 2086 4392; baseline -0.001 -24"><span class='ocrx_word' id='word_1_380' title='bbox 508 4303 577 4368; x_wconf 86' lang='lat' dir='ltr'><strong>und</strong></span> <span class='ocrx_word' id='word_1_381' title='bbox 604 4303 702 4368; x_wconf 85' lang='lat' dir='ltr'><strong>deren</strong></span> <span class='ocrx_word' id='word_1_382' title='bbox 722 4300 824 4367; x_wconf 82' lang='lat' dir='ltr'><strong>Rb&#39;the</strong></span> <span class='ocrx_word' id='word_1_383' title='bbox 850 4301 981 4392; x_wconf 85' lang='lat' dir='ltr'><strong>gelitten</strong></span> <span class='ocrx_word' id='word_1_384' title='bbox 1007 4301 1113 4367; x_wconf 83' lang='lat' dir='ltr'><strong>huben</strong></span> <span class='ocrx_word' id='word_1_385' title='bbox 1135 4299 1293 4384; x_wconf 75' lang='lat' dir='ltr'><strong>ludentem,</strong></span> <span class='ocrx_word' id='word_1_386' title='bbox 1319 4303 1404 4368; x_wconf 82' lang='lat' dir='ltr'><strong>diese</strong></span> <span class='ocrx_word' id='word_1_387' title='bbox 1426 4327 1466 4368; x_wconf 86' lang='lat' dir='ltr'><strong>zu</strong></span> <span class='ocrx_word' id='word_1_388' title='bbox 1487 4303 1670 4385; x_wconf 82' lang='lat' dir='ltr'><strong>ermehnen,</strong></span> <span class='ocrx_word' id='word_1_389' title='bbox 1691 4301 1749 4368; x_wconf 89' lang='lat' dir='ltr'><strong>der</strong></span> <span class='ocrx_word' id='word_1_390' title='bbox 1769 4302 1893 4370; x_wconf 81' lang='lat' dir='ltr'><strong>Kircbe</strong></span> <span class='ocrx_word' id='word_1_391' title='bbox 1913 4303 2024 4370; x_wconf 72' lang='grc' dir='ltr'><strong>Ειιιιη</strong></span> <span class='ocrx_word' id='word_1_392' title='bbox 2045 4325 2086 4367; x_wconf 80' lang='lat' dir='ltr'><strong>su</strong></span> 
     </span>
     <span class='ocr_line' id='line_1_37' title="bbox 510 4385 1389 4479; baseline 0 -25"><span class='ocrx_word' id='word_1_393' title='bbox 510 4387 622 4478; x_wconf 78' lang='lat' dir='ltr'><strong>geben.</strong></span> <span class='ocrx_word' id='word_1_394' title='bbox 664 4386 732 4454; x_wconf 88' lang='lat' dir='ltr'><strong>Lib.</strong></span> <span class='ocrx_word' id='word_1_395' title='bbox 753 4387 846 4477; x_wconf 82' lang='lat' dir='ltr'><strong>niger</strong></span> <span class='ocrx_word' id='word_1_396' title='bbox 866 4385 968 4479; x_wconf 87' lang='lat' dir='ltr'><strong>privil.</strong></span> <span class='ocrx_word' id='word_1_397' title='bbox 990 4389 1086 4478; x_wconf 83' lang='lat' dir='ltr'><strong>episc.</strong></span> <span class='ocrx_word' id='word_1_398' title='bbox 1108 4387 1214 4454; x_wconf 85' lang='lat' dir='ltr'><strong>Wrat.</strong></span> <span class='ocrx_word' id='word_1_399' title='bbox 1237 4385 1389 4456; x_wconf 83' lang='grc'><strong>101419.</strong></span> 
     </span>
    </p>
   </div>
   <div class='ocr_carea' id='block_1_9' title="bbox 1044 4657 1447 4671">
    <p class='ocr_par' dir='ltr' id='par_1_9' title="bbox 1044 4657 1447 4671">
     <span class='ocr_line' id='line_1_38' title="bbox 1044 4657 1447 4671; baseline -0.002 -1"><span class='ocrx_word' id='word_1_400' title='bbox 1044 4657 1447 4671; x_wconf 57' lang='lat' dir='ltr'><strong>m</strong></span> 
     </span>
    </p>
   </div>
   <div class='ocr_carea' id='block_1_10' title="bbox 0 0 2306 5764">
    <p class='ocr_par' dir='ltr' id='par_1_10' title="bbox 0 0 2306 5764">
     <span class='ocr_line' id='line_1_39' title="bbox 0 0 2306 5764; baseline 0 0"><span class='ocrx_word' id='word_1_401' title='bbox 0 0 2306 5764; x_wconf 95' lang='lat' dir='ltr'><strong> </strong></span> 
     </span>
    </p>
   </div>
  </div>
 </body>
</html>
