4634 5762
388 477 462 554 lot
683 519 687 532 ·
1022 481 1235 555 Urlondem
1284 479 1435 552 CXXV.

385 685 445 787 qni
460 683 608 784 majoris
623 684 816 786 potestatis
835 694 905 776 est,
926 681 1079 784 judiciis
1103 684 1193 760 snis'
1204 681 1381 760 addicere
1405 693 1468 758 aut
1483 682 1639 786 propriis
1654 681 1929 763 diffinioieuibns
1945 686 2072 786 snbju-

385 813 487 891 gare.
514 788 718 864 Invenimus
736 789 851 864 eciarn
869 813 920 864 ex
936 786 1171 867 decretalium
1189 789 1354 891 epistolis
1363 789 1402 880 ¹),
1429 786 1524 889 qued
1543 790 1732 865 sentencia
1742 789 1881 891 judicis
1900 788 2074 890 delegati,

386 893 447 994 qui
461 893 550 970 lieet
564 893 709 994 publice
727 905 832 969 esset
849 893 1237 970 excommunicacionis
1253 893 1398 970 viuculo
1412 891 1605 968 innodatus
1619 891 1760 992 quaudo
1776 919 1842 998 per
1854 897 1969 996 ipsum
1985 918 2073 971 sen·

385 997 508 1075 tenuia
523 997 600 1072 latu
616 996 693 1088 luit,
712 995 806 1096 quod
817 997 965 1097 jubetur
978 1021 1045 1098 per
1054 995 1217 1096 jndicem
1235 998 1434 1090 retractari,
1454 1007 1493 1074 et
1509 995 1609 1072 aliud
1626 996 1715 1074 dicit
1732 999 1920 1100 capitulum
1934 999 1987 1088 ²):
2004 1021 2074 1076 ex-

387 1101 664 1180 communicatus
681 1113 797 1176 autern
815 1100 972 1202 publice,
999 1101 1087 1177 licet
1103 1126 1171 1176 nen
1196 1101 1400 1203 excipiatur
1422 1103 1555 1180 contra'
1572 1103 1700 1204 ipsum,
1727 1117 1787 1179 est
1803 1103 1922 1179 officio
1934 1101 2074 1202 judicis

385 1202 637 1296 removendus,
654 1229 724 1278 non
742 1229 830 1304 ergo
848 1230 914 1306 per
931 1205 1036 1280 alium
1054 1203 1205 1304 aliquem
1223 1206 1413 1282 sentencia
1430 1205 1526 1297 talis,
1555 1207 1672 1282 eciam
1685 1207 1993 1299 excommunicati,
2012 1231 2075 1283 re·-

385 1306 645 1410 prelnendenda
668 1315 737 1398 est,
766 1307 836 1384 sed
859 1334 926 1410 per
942 1306 1104 1408 jndicem
1128 1307 1177 1385 de
1199 1309 1283 1411 ipsa
1307 1307 1494 1386 discussio
1513 1322 1572 1387 est
1589 1309 1769 1387 habenda.
1805 1308 1999 1388 Servanda
2015 1323 2075 1386 est

385 1413 493 1512 igitur
510 1412 699 1489 sentencia
714 1413 760 1486 ab
779 1413 939 1487 omnibus
957 1413 1072 1490 eoiarn
1089 1414 1136 1488 ab
1154 1415 1461 1492 excommunicato
1479 1415 1566 1508 latu,
1593 1438 1664 1490 non
1680 1411 1731 1492 de
1753 1417 1836 1518 ipsa
1858 1415 2073 1515 aquibusli·

386 1519 448 1592 bet
464 1515 689 1592 inl'erioribus
706 1527 843 1592 temere
855 1514 1104 1616 judicandum.
2044 1519 2048 1528 '

490 1619 699 1720 Quicunque
717 1630 755 1696 et
771 1619 1039 1721 qualescunque
1058 1643 1147 1721 ergo
1164 1629 1258 1712 sunt,
1276 1619 1438 1720 religiosi
1454 1622 1515 1698 vel
1534 1623 1737 1715 seculares,
1752 1622 1874 1702 elerici
1886 1622 1947 1699 vel
1960 1621 2071 1724 layci,

234 1801 238 1810 ,
386 1747 454 1799 non
472 1735 623 1824 possunt
641 1723 793 1822 aliquam
810 1725 1043 1802 occasionem
1059 1721 1287 1826 pretendere,
1314 1737 1352 1800 nt
1376 1749 1426 1800 ex
1449 1725 1623 1826 predictis
1647 1739 1759 1829 patet,
1785 1724 1880 1826 quod
1903 1752 1928 1802 a
1951 1735 2074 1802 nostra

387 1851 432 1904 se
445 1825 670 1928 suspendant
682 1829 936 1918 communione,
954 1829 1016 1904 vel
1029 1827 1125 1928 quod
1142 1829 1245 1903 nobis
1264 1826 1523 1923 obedienciam,
1542 1855 1611 1907 non
1629 1829 1811 1908 servando
1825 1842 1968 1906 nostras
1985 1853 2072 1906 sen·-

386 1932 528 2008 tencias
547 1955 625 2006 cunr
644 1955 712 2006 eas
729 1931 901 2030 legittime
917 1931 1071 2024 tulimus,
1097 1957 1166 2008 non
1185 1931 1343 2008 debcant
1358 1934 1569 2027 observare,
1598 1961 1676 2014 cunr
1694 1935 1794 2014 dicat
1817 1933 2073 2036 Symacns³)

386 2060 500 2138 papo:
534 2035 599 2111 lex
625 2034 884 2113 ecclesiastica
906 2036 1107 2136 pontificem
1131 2037 1247 2112 eciem
1272 2047 1481 2116 accusatum
1504 2042 1707 2141 priusquam
1730 2041 1797 2115 sub
1820 2039 1904 2116 lnce
1928 2039 2075 2138 objecto

388 2139 611 2216 constiterint
628 2139 745 2236 exigit
760 2163 830 2214 non
846 2137 1007 2239 relinqui,
1033 2151 1070 2216 et
1086 2139 1142 2214 Ni
1152 2140 1315 2216 colans
1332 2167 1430 2243 popa
1447 2141 1535 2220 dicit
1545 2143 1592 2234 ⁴):
1610 2141 1706 2242 quod
1723 2153 1809 2219 ante
1825 2143 2075 2244 probaciunenr

387 2242 643 2322 accusacionis
659 2243 761 2318 illate
777 2243 949 2320 nerninem
965 2254 1062 2319 atua
1075 2245 1317 2320 communione
1335 2245 1555 2347 suspendas,
1574 2247 1658 2347 quia
1675 2251 1781 2346 (non)
1800 2247 1919 2322 statim
1936 2246 1996 2346 qui
2008 2269 2074 2324 uu·

389 2361 537 2424 cursatur
560 2371 644 2422 reus
671 2356 742 2436 est,
767 2344 837 2422 sed
854 2349 913 2446 qni
930 2347 1152 2424 convincitur
1167 2349 1390 2441 criminosus,
1410 2363 1447 2426 et
1465 2350 1716 2449 Gregorius
1734 2377 1832 2453 papa
1847 2361 2002 2428 testatur
2014 2347 2074 2424 di·-

389 2450 540 2542 eens⁸):
567 2451 756 2527 sentencia
771 2451 929 2550 pasturis
947 2451 1028 2528 sive
1038 2455 1144 2552 justa
1167 2453 1250 2528 sive
1274 2453 1411 2552 injusta
1434 2455 1543 2530 luerit
1566 2453 1724 2531 tenenda
1740 2467 1810 2532 eet.
1855 2457 2075 2531 Assertores

389 2553 516 2646 eciam,
543 2577 634 2653 quos
656 2555 895 2654 premisimus,
923 2555 1004 2632 sire
1026 2557 1154 2657 pocius
1175 2556 1440 2658 vituperatores
1468 2558 1564 2634 lame
1587 2571 1727 2652 nostre,
1754 2559 1919 2636 nolentes
1941 2557 2074 2634 intelli·-

388 2681 479 2756 gere
502 2669 540 2731 nt
564 2659 656 2734 benc
682 2671 844 2757 agerent,
871 2671 1020 2760 querunt
1042 2683 1109 2736 sne
1136 2657 1386 2738 odinvencioni
1413 2673 1450 2738 et
1467 2660 1565 2736 aliud
1589 2661 1880 2754 blandimentum,
1907 2671 2073 2764 putantes

388 2759 484 2862 qnod
495 2765 572 2860 jann
590 2761 776 2838 resideant
791 2785 855 2863 pro
867 2761 1054 2862 judicibus
1075 2765 1111 2840 iu
1129 2765 1323 2866 supercilio
1347 2765 1533 2841 tribunalis
1551 2764 1684 2860 dicum,
1712 2768 1986 2869 prenominatum
2002 2761 2073 2839 du-

389 2888 469 2942 cem
490 2865 753 2965 interposuisse
779 2867 1064 2968 appellaoione·
1089 2878 1127 2944 et
1151 2869 1207 2945 sic
1224 2867 1410 2969 judicant,
1436 2881 1581 2946 nostras
1607 2872 1816 2948 sentencias
1844 2880 2072 2959 contenere,

386 2969 620 3060 immineres,
647 2967 742 3069 qnod
760 2968 948 3064 dicitur⁶):
976 2973 1059 3072 quia
1081 2973 1117 3048 in
1142 2971 1367 3072 corrigendis
1393 2973 1613 3052 excessibus
1636 2975 1782 3050 notoriis
1799 2981 1908 3076 juxta
1925 2972 2074 3050 cauom·

388 3097 457 3150 oas
474 3075 693 3151 sancciones
710 3073 972 3176 appellacionis
990 3078 1038 3152 sit
1055 3074 1236 3178 diffrrgium
1252 3077 1495 3169 interclusum,
1510 3089 1548 3154 et
1565 3078 1650 3153 alibi
1662 3103 1713 3154 ex
1731 3080 1883 3156 concilio
1901 3075 2074 3178 generali,

387 3177 448 3252 nbi
464 3177 521 3255 sic
539 3175 670 3254 dicitur
682 3179 730 3268 ⁷):
757 3204 861 3279 porro
880 3181 1088 3256 commonito
1106 3179 1156 3256 od
1181 3182 1443 3282 appellacionis
1462 3181 1686 3258 obstaculum
1711 3184 1925 3274 convolante
1942 3183 1976 3257 si
1992 3186 2075 3282 ejus

388 3305 572 3360 excessus
590 3279 782 3358 evidenoia
797 3283 851 3359 rei
867 3284 927 3359 vel
944 3285 1060 3385 ipsius
1078 3285 1311 3362 consessione
1328 3295 1391 3360 aut
1408 3286 1479 3360 alio
1496 3283 1602 3361 mede
1619 3287 1791 3386 legittimo
1804 3287 1912 3363 fuerit
1924 3285 2077 3362 manile-

388 3395 482 3473 stns,
510 3407 589 3459 conr
600 3385 865 3484 appellaeionis
882 3385 1076 3463 remedium
1093 3413 1162 3462 non
1180 3389 1228 3463 sit
1246 3387 1294 3463 ud
1312 3387 1561 3466 defensionem
1584 3391 1779 3490 iniqnitatis
1804 3389 1873 3468 sed
1889 3387 1939 3465 ud
1956 3389 2076 3490 presi·-

388 3483 484 3561 dium
496 3485 710 3563 innocencie
726 3488 930 3582 institutum,
957 3498 1028 3565 n'on
1045 3503 1104 3567 est
1120 3493 1375 3591 provocacioni
1391 3491 1595 3593 hujusmodi
1613 3492 1859 3572 deserendum.
1886 3493 1939 3570 llt
1955 3494 1989 3569 in
2002 3493 2075 3569 alio

388 3589 546 3690 oapilnlo
572 3588 761 3680 dicitur⁸):
807 3593 1067 3670 consultaoioui
1098 3601 1159 3672 lue
1185 3593 1352 3672 duximus
1375 3596 1683 3698 respondendum,
1709 3597 1805 3698 quod
1831 3599 1865 3674 si
1885 3595 2076 3698 aliquando

387 3692 510 3794 aliqui,
536 3717 626 3792 quos
643 3694 866 3770 manifestum
885 3696 934 3770 sit
950 3709 989 3772 et
1003 3699 1174 3774 notorium
1192 3723 1338 3776 uxorem
1366 3701 1515 3776 ulterius
1533 3698 1696 3780 detinere
1721 3713 1783 3778 aru
1806 3703 1982 3803 injecisse
1997 3725 2076 3778 ma-

387 3821 455 3873 nus
476 3797 658 3874 violentas
678 3797 715 3872 in
740 3797 926 3891 cleriorum,
954 3801 1233 3902 appellaverint,
1260 3827 1381 3879 eornm
1407 3805 1651 3905 appellacioni
1673 3831 1744 3882 non
1769 3817 1828 3884 est
1852 3806 2077 3906 aliquatenus

386 3899 633 3980 deserendum.
665 3901 719 3976 Et
736 3903 821 3978 olibi
836 3903 999 3980 similiter
1014 3903 1206 3999 dicitnr⁹):
1231 3907 1404 3984 sicerum
1428 3919 1615 3987 excessus
1638 3911 1805 4013 publicus
1827 3923 1888 3987 est
1911 3923 1949 3988 et
1973 3919 2078 3985 nom-

386 4005 474 4100 rius,
499 4005 761 4109 appollacioois
785 4007 931 4084 obtentu
956 4033 1024 4086 non
1050 4011 1290 4114 pretermittas
1308 4011 1390 4112 quin
1417 4013 1644 4092 'excedentes
1662 4016 1990 4093 excommunicatos
2007 4011 2077 4089 de-

431 4282 463 4360 1)
484 4303 512 4345 c.
534 4281 587 4345 24.
645 4331 652 4346 .

430 4363 513 4532 {lit
535 4365 576 4514 l?
645 4365 804 4538 adu..

431 4535 465 4614 l)
487 4555 513 4596 c.
535 4534 566 4596 o.
648 4535 696 4601 15.
719 4559 772 4623 qu.
794 4535 825 4602 8.

431 4619 513 4698 b)c.
535 4617 587 4683 77.
609 4621 645 4685 C.
668 4621 717 4686 ll.
740 4645 793 4708 qu.
813 4621 844 4687 3.

431 4703 466 4784 b)
488 4725 515 4767 c.
538 4703 588 4768 lo.
610 4705 655 4768 X.
677 4707 717 4770 de
739 4705 846 4772 officio
867 4706 976 4789 judicis
998 4707 1162 4775 ordinarii.

431 4795 449 4850 7
485 4809 512 4852 c.
537 4785 589 4852 61.
612 4789 657 4852 Χ.
679 4791 719 4854 de
740 4789 1018 4882 appellationibus.

431 4879 451 4936 8
487 4893 514 4938 c.
538 4873 588 4938 14.
610 4872 655 4938 X.
679 4874 719 4939 de
741 4875 1018 4967 appellationibus.

430 4962 466 5042 0)
487 4979 515 5024 o.
540 4957 589 5024 13.
610 4959 657 5025 Χ.
680 4959 719 5024 de
741 4960 1016 5053 appellationibus.

608 4279 642 4346 X
675 4279 716 4348 de
736 4283 893 4348 sententia
914 4293 946 4349 et
965 4307 1001 4350 re
1022 4283 1168 4368 judicata.

577 4365 642 4514 .CX
698 4367 984 4516 cexqeptionibus.

588 4535 623 4599 C.
