4660 5762
907 529 1129 606 casura·
1175 529 1275 604 oelr
1851 539 1929 620 nel

248 729 488 810 tisisedonem
514 729 741 836 ιίιιιιριιιιιιιιι
765 733 923 834 psoium
955 743 994 811 et
1029 732 1336 812 restauraciouem
1368 731 1623 812 violenciamm
1654 737 1833 821 illatarum
1858 757 1930 826 tam

211 891 215 902 .
247 835 415 938 peisouis
439 861 543 937 quom
567 833 704 938 prediis
729 835 960 939 supradictis,
986 858 1052 940 pro
1077 837 1196 947 seluto
1222 838 1338 913 anime
1364 847 1487 914 nostre
1513 862 1560 915 ac
1576 845 1836 942 progenitorum
1861 875 1929 928 uo·

165 1025 169 1031 ,
248 951 410 1032 atrorum,
436 941 740 1020 inremissionem
765 952 1012 1044 peccatorum,
1048 965 1118 1042 qne
1144 963 1365 1046 quacumque
1391 941 1591 1021 temeritate
1616 949 1860 1041 conmisimus,
1892 955 1929 1031 iu

248 1045 343 1120 bons
366 1041 561 1120 valitudine
586 1044 713 1120 mentis
739 1055 880 1137 nostre,
913 1041 962 1121 de
988 1043 1139 1121 consilio
1165 1056 1203 1121 et
1228 1069 1409 1120 consensu
1444 1045 1611 1122 baronum
1636 1063 1832 1132 nostrorum
1857 1055 1928 1134 do-
2059 1119 2063 1128 .

246 1173 336 1240 mus,
363 1147 578 1225 conserimus
605 1161 642 1224 ct
666 1147 862 1226 liberaliter
886 1147 1075 1247 elargitur
1099 1147 1258 1224 omnibus
1283 1149 1595 1250 possessionibus,
1622 1153 1844 1251 civitatibus,
1870 1162 1928 1238 vi·

247 1251 321 1342 cis,
353 1249 450 1326 villis
477 1253 705 1352 omnibusque
729 1249 884 1353 predii,
914 1263 985 1326 turn
1011 1251 1155 1327 rusticis
1181 1277 1285 1351 quarn
1310 1253 1454 1328 nrbcuis
1486 1277 1625 1374 purum,
1659 1259 1855 1362 perfectam
1890 1277 1929 1343 et

244 1355 419 1456 integram
444 1354 642 1432 libertstern
672 1356 720 1430 ab
753 1353 912 1430 omnibus
945 1355 1113 1432 serviciis
1138 1355 1408 1432 'l'bentuuici
1433 1360 1530 1456 jons
1561 1369 1669 1460 aque
1695 1363 1926 1462 Poloniei,

177 1451 183 1466 ’
246 1459 293 1534 ab
309 1459 478 1541 ¹omnibus
504 1459 663 1558 auguriis
689 1469 728 1535 et
750 1457 991 1562 perangariis,
1019 1457 1185 1536 collectis
1209 1459 1344 1560 pariter
1369 1471 1407 1535 et
1421 1461 1582 1536 vecturis
1608 1474 1648 1539 et
1671 1465 1753 1544 aliis
1779 1469 1926 1574 quibus·
1961 1521 1965 1527 -

246 1585 396 1662 cumque
421 1563 693 1653 veracioribus,
719 1585 938 1663 quocumque
963 1562 1102 1639 nomine
1128 1573 1355 1653 censeantur,
1381 1563 1578 1641 liberantes
1605 1581 1785 1670 expresse
1804 1584 1843 1649 et
1857 1595 1925 1650 no·

244 1665 396 1742 minutim
420 1676 550 1741 terrem
576 1666 820 1742 Ninensem
847 1678 886 1742 et
907 1661 1327 1744 Otmochonicnsem
1351 1689 1490 1745 necnon
1517 1677 1556 1744 et
1579 1669 1653 1745 alis
1679 1675 1772 1750 bona
1796 1675 1924 1755 eccle·

245 1770 399 1847 siastiea
422 1769 515 1845 inira
531 1770 965 1846 Wratizlauicusem
990 1767 1178 1873 dyocesim
1203 1771 1410 1863 constituto,
1436 1772 1484 1846 nb
1508 1774 1668 1850 omnibus
1693 1779 1924 1860 servitutibus

243 1871 474 1975 supradictis,
501 1871 753 1950 renunciantes
778 1897 921 1950 exnunc
951 1899 1016 1976 pro
1041 1871 1144 1950 nobis
1175 1875 1378 1974 nostrisque
1409 1871 1605 1952 herodibus
1631 1891 1670 1954 et
1693 1886 1923 1961 successori·

243 1977 311 2051 bus
326 1977 615 2076 quibuscumque,
641 1987 713 2052 ton
731 1999 781 2054 ex
805 1987 1032 2070 testamento,
1058 2001 1161 2078 qoam
1181 1979 1228 2053 ab
1244 1979 1416 2054 intestato
1433 1979 1670 2076 venientibus,
1695 1987 1788 2062 omni
1805 1989 1923 2092 juis-
1979 2027 1980 2031 ι

243 2077 374 2156 dicioni
402 2091 439 2156 et
458 2080 532 2180 juri
557 2079 690 2172 duculi,
717 2079 812 2181 qood
835 2081 939 2157 nobis
956 2083 1173 2182 conpetebat
1195 2082 1232 2156 in
1256 2081 1553 2182 possessionibus
1575 2087 1806 2188 supradictis,
1832 2115 1922 2170 oon.
1962 2145 1967 2156 ,

241 2184 404 2260 serentes
431 2184 546 2260 eciam
557 2181 939 2260 Wratinlauieusi
965 2184 1128 2260 ecclesie
1146 2181 1343 2278 dominium,
1365 2183 1637 2284 jmisdicioncm
1660 2201 1698 2268 et
1712 2193 1922 2272 lacnltaten

242 2285 388 2388 majoris
407 2285 537 2386 judicii
563 2311 673 2390 snpra
690 2289 784 2386 (sic)
810 2287 933 2364 causis
959 2286 1183 2387 ssugrriuum
1209 2299 1248 2365 et
1271 2289 1483 2390 specialiter
1506 2315 1617 2393 snper
1641 2297 1801 2374 omnibus
1830 2323 1920 2377 cou-

243 2389 297 2465 sis
319 2391 526 2491 majoribus,
553 2415 622 2492 que
642 2395 708 2490 jus
731 2389 865 2468 docsle
890 2401 1042 2468 menos
1069 2389 1340 2491 contingebant,
1372 2391 1602 2472 conferentes
1629 2397 1746 2477 eidem
1770 2401 1920 2480 liberto·

240 2505 313 2569 ten
344 2494 380 2568 in
411 2505 508 2570 terra
537 2495 735 2571 Nineusi
766 2491 932 2598 predicta
962 2506 1001 2572 et
1034 2491 1424 2589 Otmuchooiousi,
1460 2499 1597 2574 tamin
1621 2504 1786 2598 judiciis
1816 2531 1920 2610 qnam

241 2611 397 2684 moneta,
422 2599 598 2691 volentes,
625 2609 663 2674 ut
687 2598 851 2701 episcopi
877 2599 935 2700 qni
951 2621 1018 2700 pro
1036 2609 1196 2700 ternpore
1212 2599 1342 2675 fuerint
1357 2597 1525 2677 inibidem
1549 2611 1701 2702 plenum
1719 2613 1920 2688 dorntntent

238 2703 523 2801 perfectumque
547 2710 585 2777 in
601 2707 767 2778 cursibus
787 2707 951 2778 bossunt
963 2705 1035 2799 jos
1057 2707 1201 2778 ducale.
1256 2701 1322 2778 Ad
1346 2705 1604 2782 execnciouem
1628 2721 1746 2788 entem
1772 2715 1920 2792 curruum
1992 2705 2006 2736 ¹

239 2802 495 2906 predictorum,
528 2829 574 2883 ue
599 2803 766 2908 predicto
790 2817 914 2882 nostro
937 2806 1107 2882 voluutas
1140 2817 1178 2883 et
1201 2805 1294 2908 pium
1320 2807 1498 2884 arbitrium
1530 2809 1732 2911 aliquoliter
1754 2817 1917 2912 violetur,

238 2907 275 2981 in
299 2909 570 3010 possessiouem
595 2911 742 2985 omnium
768 2911 899 3010 jurium
927 2907 1166 3032 predictorum
1196 2909 1310 3032 ipsum
1343 2911 1561 3014 episcopum
1582 2919 1736 3040 ejusque
1768 2923 1919 3000 nuncios

239 3033 319 3188 ii„
333 3013 1001 3220 tubltublltt'tbt'c
1024 3015 1918 3205 blf,:lttbblbrtb‘ttttutc

239 3239 320 3296 eum
344 3229 419 3296 toto
445 3218 608 3298 districtu
623 3221 669 3313 ¹),
703 3221 799 3298 sictut
823 3222 1018 3324 episcopus
1041 3221 1140 3322 prius
1164 3219 1397 3324 possidebat,
1429 3219 1525 3322 qnod
1550 3224 1725 3304 violenter
1754 3230 1917 3308 amulo·

237 3345 358 3400 remus
396 3321 532 3418 cidem,
566 3348 704 3401 necnon
731 3348 854 3403 omues
878 3325 1139 3428 possessiones
1164 3337 1204 3403 et
1226 3323 1371 3428 predia,
1405 3349 1475 3426 que
1504 3351 1571 3428 per
1595 3340 1731 3430 patrem
1759 3333 1916 3438 velpe·

236 3437 351 3531 ῇιιιιι
375 3451 442 3505 sen
467 3451 534 3528 per
557 3451 624 3503 uos
648 3429 724 3504 rite
749 3439 873 3506 nostre
896 3428 1112 3530 tenporibus
1136 3427 1296 3506 indebite
1320 3429 1461 3507 lrrerant
1487 3445 1677 3534 occupate.
1736 3435 1778 3512 ln
1810 3443 1916 3538 cnjus

238 3529 292 3607 rei
316 3531 551 3608 testimouium
577 3541 614 3607 et
640 3527 865 3611 evidenciam
889 3533 1083 3636 pleniorem
1106 3545 1299 3636 presentes
1324 3533 1465 3612 tineas
1489 3536 1600 3612 scribi
1618 3540 1814 3637 jussimus,
1846 3565 1915 3618 ao·

239 3633 304 3710 stri
330 3634 441 3734 sigili
465 3635 649 3711 munimine
675 3635 874 3713 roboratos.
927 3641 1054 3714 Actum
1080 3635 1405 3730 Wratinlauie,
1433 3661 1526 3741 suno
1551 3637 1681 3718 donrirri
1705 3642 1816 3723 MCC
1848 3669 1915 3722 uo·

174 3747 182 3796 :
237 3739 442 3838 nogesimo,
474 3740 702 3840 presentibus
727 3739 818 3834 hiis,
852 3737 1116 3817 bernbardo
1148 3741 1333 3844 preposito
1364 3742 1600 3844 ltlysueusi
1632 3757 1670 3823 et
1694 3748 1914 3827 concellario

236 3855 372 3936 nostro,
398 3841 612 3918 Nculrero
636 3843 794 3944 palatino
818 3853 958 3938 nosno,
992 3842 1023 3921 S
1059 3867 1185 3922 moue
1210 3841 1412 3938 Gallico,
1438 3846 1633 3924 ilenrico
1658 3847 1707 3927 de
1727 3851 1914 3931 Wiseu·

237 3947 365 4038 burc,
392 3945 628 4022 Polulrone
654 3944 702 4023 de
728 3871 1062 4041 Suelleuwald,
1097 3947 1328 4024 Samborio
1354 3946 1402 4025 de
1430 3947 1654 4052 Siltperc,
1687 3952 1914 4033 Guntlrero

236 4047 288 4126 de
313 4049 604 4152 Bibersteyu,
638 4049 860 4149 Bognssio
885 4049 937 4128 de
962 4051 1145 4152 Pogrel,
1178 4053 1317 4128 Petro
1342 4049 1655 4144 Stossowine‚
1687 4058 1913 4136 Wernero

239 4151 288 4229 de
313 4153 530 4254 higuinc‚
557 4152 806 4256 Gysilhero
831 4153 1034 4247 liolueri,
1065 4153 1277 4231 Jarosloo
1302 4153 1351 4232 de
1374 4154 1653 4253 llanerdorl,
1680 4159 1913 4264 Bndinoyo

239 4251 490 4360 Copassin,
523 4257 730 4335 Roscoue
762 4255 965 4334 Dremlik
995 4267 1033 4334 et
1064 4257 1146 4334 aliis
1177 4283 1281 4360 quam
1313 4257 1470 4361 pltnibus
1501 4257 1574 4337 lide
1600 4259 1754 4366 dingnis.
1813 4265 1913 4343 Date

238 4384 306 4462 per
329 4385 465 4438 manum
490 4358 699 4464 Lodoyci
723 4359 975 4463 prothonotarii
998 4362 1122 4456 nosci
1147 4363 1182 4440 in
1208 4361 1333 4464 vigilis
1356 4363 1453 4440 beuti
1477 4363 1654 4444 Jolranuis
1678 4365 1861 4471 baptiste..

283 4639 315 4716 1)
342 4632 408 4698 Dua
428 4631 656 4713 Pitscbensche,
677 4658 700 4704 s.
722 4635 754 4700 S.
776 4633 828 4717 78,
846 4632 1006 4702 Anrnmln

875 4903 1273 4918 m
