4524 5770
813 551 1022 626 nemum
1080 553 1229 624 XXIX.

941 855 1107 944 xxix.

177 1045 297 1106 nonu
318 1041 368 1116 11..
389 1041 508 1104 llartef
528 1055 584 1105 ma
605 1042 741 1116 brem.
769 1045 917 1109 rebellet
935 1045 1001 1108 llo·
1022 1045 1201 1124 moretiel
1222 1061 1259 1108 tu
1280 1047 1399 1109 Brurln
1420 1047 1499 1110 rollo
1522 1049 1773 1114 &nabulum
1792 1052 1864 1116 blot
1898 1059 1975 1128 lm,

770 1145 948 1210 lommtrr
968 1159 1062 1224 ‘om
1082 1150 1130 1212 ιιι
1152 1149 1265 1212 nnus,
1880 1128 1922 1186 lo.
1940 1135 2000 1189 met

219 1301 279 1348 Aue
296 1299 355 1348 den
372 1295 504 1365 ongrmra
521 1299 555 1348 ln
572 1299 688 1350 Arcblve
706 1299 754 1351 uu
771 1300 945 1363 Donoapttala
963 1301 994 1350 ll.
1006 1299 1037 1350 Β.
1053 1293 1099 1352 nl.
1133 1300 1178 1350 An
1195 1301 1297 1366 ganea
1314 1301 1439 1352 uideuerr
1456 1301 1547 1352 Πάου
1564 1303 1646 1368 btspt
1663 1303 1710 1352 das
1727 1303 1817 1370 siege!

747 1385 794 1436 dea
812 1386 934 1438 llbebole
951 1399 1004 1438 ron
1022 1388 1144 1440 erebum
1161 1387 1288 1442 wachna

281 1520 491 1613 Thomas,
510 1519 546 1596 d.
566 1545 620 1620 gr.
638 1521 899 1622 Vratepisco
925 1547 981 1616 us,
1008 1520 1154 1602 dilectis
1170 1523 1205 1598 in
1224 1521 1372 1602 Christo
1389 1523 1559 1602 fratribus
1575 1525 1664 1617 suis,
1691 1527 1862 1627 magistro

178 1623 406 1725 Bogoslao
425 1625 620 1727 preposito,
646 1623 874 1704 Niebolao
892 1549 1034 1704 decano
1061 1627 1194 1726 totique
1220 1627 1377 1728 capitulo
1395 1624 1560 1728 ejusdem
1578 1629 1741 1708 eedesie
1759 1629 1861 1706 saln-

177 1743 247 1806 tem
272 1729 308 1803 in
332 1727 484 1804 domino.
517 1727 747 1806 Sirrceritatis
773 1741 897 1808 vestre
920 1730 981 1830 pia
1006 1728 1203 1822 desideria,
1230 1755 1299 1830 que
1315 1743 1354 1806 ut
1370 1731 1514 1808 firmiter
1530 1731 1709 1809 credimus
1726 1731 1777 1808 ad
1792 1734 1861 1810 bo·

179 1843 304 1908 nestos
323 1844 360 1908 et
378 1833 541 1910 ecclesie
559 1843 681 1908 nostre
698 1833 877 1934 proficuos
895 1831 1091 1933 diriguntur
1108 1835 1273 1928 affectius,
1293 1859 1338 1910 eo
1351 1859 1418 1910 nos
1432 1833 1543 1913 decet
1555 1835 1759 1936 ffaeiomm
1776 1861 1862 1939 pro·

179 1936 282 2036 sequi
300 1961 368 2035 quo
385 1937 488 2012 nobis
507 1961 556 2014 ex
574 1935 695 2012 officio
712 1937 885 2036 pastorali
910 1938 1078 2038 competit
1095 1963 1205 2039 super
1221 1937 1292 2016 boe
1310 1938 1531 2016 favorabiles
1549 1941 1707 2018 inveniri.
1759 1939 1861 2020 Sane

178 2052 346 2142 porrecta
362 2039 465 2116 nobis
482 2051 608 2116 vestro
629 2039 762 2142 peticio
788 2041 1003 2134 continebat,
1030 2039 1126 2141 quod
1150 2067 1229 2120 cum
1254 2042 1477 2142 aliquociens
1501 2055 1647 2146 propter
1667 2045 1771 2122 varia
1795 2069 1861 2124 ec-

179 2145 295 2222 clesie
312 2155 435 2220 nostre
453 2143 609 2244 negocia
626 2155 663 2220 et
679 2153 855 2220 baeatus
871 2145 1077 2246 plerumque
1094 2146 1378 2240 inextricabiles,
1395 2148 1522 2246 quous
1541 2173 1619 2226 cnm
1636 2149 1861 2248 magnatibus

179 2261 273 2324 terre
303 2258 425 2324 nostre
449 2245 498 2324 ad
522 2258 640 2326 status
664 2247 777 2324 vestri
801 2249 1087 2348 banquillitatom
1110 2261 1148 2326 et
1163 2251 1332 2328 bonorem
1356 2251 1519 2328 ecclesie
1530 2257 1642 2352 juxta
1657 2252 1862 2352 qualitatem

179 2350 337 2429 moderni
370 2351 538 2454 temporis
562 2349 837 2454 promovendum
861 2353 1042 2431 interesse
1073 2353 1198 2454 sepius
1220 2379 1287 2432 nos
1312 2365 1463 2456 oportet,
1490 2380 1557 2432 non
1579 2357 1760 2456 possimus
1776 2383 1862 2457 per-

178 2455 350 2534 sonaliter
367 2479 594 2554 cognoscere
615 2451 663 2532 de
681 2456 805 2532 causis
822 2457 957 2534 vestris
975 2469 1013 2534 et
1028 2457 1167 2557 injuriis
1184 2458 1288 2534 vobis
1305 2483 1371 2560 per
1394 2459 1614 2560 calumpnias
1637 2471 1677 2536 et
1694 2457 1862 2539 diversos

179 2559 283 2639 dolos
301 2560 427 2660 sepius
443 2559 623 2658 irrogatis,
647 2571 792 2661 propter
809 2557 904 2660 quod
921 2561 956 2636 in
974 2559 1137 2654 decimis,
1164 2563 1282 2654 terris,
1309 2561 1506 2640 bominibus
1532 2575 1569 2640 et
1586 2563 1669 2640 aliis
1686 2566 1796 2642 rebus
1813 2563 1863 2642 ed

172 2671 235 2764 jus
253 2674 410 2741 vestrum
429 2663 638 2764 specialiter
661 2663 930 2764 pertinentibus,
957 2689 1025 2740 vos
1049 2665 1158 2740 multa
1174 2663 1368 2768 dispendia
1385 2677 1423 2742 et
1439 2663 1593 2768 dampna
1609 2667 1758 2770 plurima
1774 2694 1861 2746 sus·

178 2770 290 2846 tinere
310 2766 495 2867 contingit,
531 2767 742 2846 fraternitati
765 2779 890 2844 vestre
916 2767 1062 2844 salubre
1085 2767 1278 2846 remedium
1302 2767 1476 2846 adhibere
1507 2782 1660 2872 paterne
1683 2772 1861 2849 sollicitu-

177 2871 261 2949 dine
286 2869 522 2971 diguaremur.
560 2871 643 2946 Nos
660 2871 782 2971 igitur,
809 2872 1023 2974 propensius
1051 2873 1237 2974 cupientes
1262 2897 1286 2950 a
1310 2873 1587 2974 malignitatibus
1612 2899 1862 2977 perversorum

176 3001 244 3054 vos
262 2977 403 3076 eripere
422 2985 620 3075 statumque
637 2983 795 3051 vestrum
812 2975 847 3050 in
864 2975 992 3052 melius
1008 2975 1215 3069 reformare,
1236 2977 1371 3055 vestris
1393 2979 1562 3078 precibus
1585 2979 1741 3056 inclinati
1757 2979 1862 3056 vobis

176 3079 404 3184 presentibus
428 3077 624 3156 liberaliter
647 3077 879 3156 concedimus
902 3083 1115 3178 perfeetum
1125 3083 1394 3176 juridiciorrem
1419 3096 1457 3158 ot
1467 3089 1682 3180 plenarium
1698 3097 1861 3180 potestu-

177 3201 248 3258 rem
275 3185 485 3279 ‚judicandi
510 3193 547 3260 et
572 3193 696 3258 contro
721 3182 878 3260 rebelles
904 3194 942 3262 et
964 3195 1195 3263 conmmaoes
1221 3208 1409 3262 censuram
1435 3183 1727 3262 ecclesiasticam
1750 3209 1861 3262 exer-

178 3285 285 3364 cendi
297 3287 334 3360 in
348 3285 484 3378 causis,
501 3309 591 3386 quas
611 3285 798 3362 universos
816 3297 854 3362 et
870 3287 1032 3388 singulos
1045 3311 1112 3364 seu
1130 3287 1302 3364 intervos
1318 3287 1421 3388 ipsos
1439 3301 1501 3364 aut
1518 3299 1643 3364 eontra
1659 3288 1763 3382 alios,
1780 3289 1859 3366 cle-

175 3395 274 3470 ricos
286 3389 348 3468 vel
366 3389 508 3492 laycos,
526 3415 594 3466 vos
612 3389 796 3490 contingat
812 3389 948 3468 babere
965 3415 1075 3492 super
1091 3392 1199 3468 rebus
1216 3391 1351 3468 vestris
1368 3416 1415 3470 ac
1426 3391 1568 3491 juribus
1586 3391 1859 3488 conservandis,

175 3505 368 3598 sperantes
387 3519 435 3569 ex
459 3493 529 3570 boc
548 3493 663 3572 eciam
687 3493 790 3570 nobis
808 3507 846 3572 ot
863 3495 994 3570 nostris
1012 3495 1291 3572 suecessoribus
1308 3507 1454 3598 propter
1475 3496 1653 3573 brmultrrm
1671 3521 1860 3574 causarum

176 3600 302 3700 sepius
326 3597 565 3697 ingmencium
588 3597 769 3698 plurimum
786 3597 916 3697 quietis
941 3607 978 3674 et
998 3597 1173 3676 commodi
1196 3600 1380 3701 generari,
1412 3600 1565 3678 maxime
1590 3625 1668 3678 cum
1694 3599 1745 3678 ad
1764 3600 1860 3678 banc

169 3701 421 3803 juridicionem
437 3701 542 3776 vobis
558 3699 753 3778 liberaliter
768 3719 941 3804 perpetuo
959 3701 1179 3782 tribuendam
1204 3705 1414 3806 specialiter
1438 3729 1505 3780 nos
1528 3703 1725 3798 informent,
1753 3713 1860 3804 copi-

175 3816 257 3882 tulu
279 3813 394 3882 ocios
406 3811 597 3904 provincie
618 3809 807 3885 Polonice.
833 3835 902 3905 pue
920 3811 1133 3907 abantiquo
1150 3811 1419 3905 juridieioaem
1441 3816 1600 3884 similem
1625 3815 1862 3885 dinoscuntur

175 3916 324 3986 babere.
387 3907 489 3984 Nulli
519 3932 607 4008 ergo
638 3909 774 3986 omnino
798 3908 971 3986 bominum
999 3909 1112 3988 liceat
1141 3911 1236 3988 hanc
1266 3913 1431 4012 paginam
1457 3913 1708 3990 concessionis
1737 3921 1860 3988 nosue

175 4026 239 4092 aut
255 4011 466 4090 donacionis
482 4009 675 4111 infringere
692 4011 753 4088 vel
779 4013 814 4090 ei
838 4037 929 4088 ausu
953 4014 1142 4092 temerario
1167 4015 1363 4108 contraire,
1397 4015 1534 4115 siquis
1564 4027 1682 4092 autem
1707 4015 1777 4092 boc
1794 4025 1859 4091 at·

173 4128 350 4221 temptare
374 4115 645 4220 presumpserit,
679 4111 964 4216 indignacionem
994 4115 1056 4194 dei
1079 4117 1326 4218 omnipotentis
1356 4127 1394 4193 et
1420 4118 1517 4192 beati
1540 4117 1718 4194 Jobaunis
1741 4117 1859 4217 bapti-

175 4237 235 4300 ste
260 4246 304 4298 se
327 4219 466 4298 noverit
492 4220 722 4296 incursunrm.
776 4219 908 4296 Datum
930 4219 1071 4312 Vrat.,
1111 4219 1154 4294 iu·
1172 4216 1276 4296 domo
1300 4220 1520 4322 episcopali,
1556 4221 1624 4296 Vl.
1647 4217 1731 4298 idus
1753 4221 1858 4321 Maii,

173 4350 269 4404 anno
287 4321 418 4401 donini
430 4319 741 4414 MCCLXVHI,
765 4323 993 4425 presentibus
1016 4321 1105 4416 hiis,
1132 4319 1272 4398 domino
1289 4322 1699 4423 Stephanoabbate,
1727 4351 1768 4426 pr
1839 4367 1859 4385 -

174 4432 246 4506 sito
263 4428 404 4506 Petro
428 4427 632 4503 monasterii
655 4452 686 4502 s.
705 4427 822 4503 Maris
848 4423 982 4503 ordinis
1006 4454 1038 4502 s.
1061 4427 1273 4527 Augustini,
1306 4426 1558 4503 Vinceneio
1583 4428 1767 4529 preposito
1816 4453 1858 4505 o·

173 4533 319 4637 spitalis
336 4559 367 4608 s.
385 4529 542 4633 Spiritus
560 4527 724 4630 ejusdem
741 4527 894 4624 ordinis,
912 4531 1048 4609 Petro
1066 4557 1098 4606 s.
1117 4531 1305 4621 Elbzabet,
1330 4527 1534 4606 Arnoldo
1561 4557 1592 4606 s.
1611 4532 1729 4610 blarie
1746 4532 1858 4634 Mag-

172 4637 308 4716 dalene
330 4635 497 4739 plebanis
524 4635 559 4711 irr
591 4634 737 4715 civitate
766 4633 1132 4728 Vratsloriensi,
1172 4635 1342 4733 magistro
1379 4635 1628 4736 Peregrino
1662 4634 1859 4712 Niaenai

171 4743 350 4845 plebano,
378 4737 470 4816 dom.
490 4737 717 4841 Stephano
740 4739 958 4839 presbitero,
985 4750 1108 4817 nostre
1127 4739 1225 4819 curie
1243 4739 1468 4842 cappellano.
1609 4791 1612 4800 ·
