4594 5774
410 507 489 586 clo
838 515 846 526 '
974 505 1186 580 Urbuadcm
1247 505 1541 579 mamm.

410 711 633 791 dueucic'et
656 709 795 788 eunus
821 708 993 799 existant,
1018 706 1070 784 ad
1094 709 1210 784 instm
1232 708 1367 811 prelati
1391 707 1566 808 geru'turis
1591 707 1715 800 nostri,
1742 706 1801 808 qni
1818 706 1934 784 eciam
1951 703 2108 809 idipsum

411 817 555 894 secisse
580 813 777 892 dinoscitm
790 813 838 904 ¹),
871 813 1101 904 innovanus,
1133 813 1373 914 approbans
1408 823 1446 889 et
1470 812 1686 890 auctoritate
1720 811 1825 911 regia
1849 811 2032 887 Boemie
2056 835 2109 888 ac

413 919 463 998 de
489 929 593 997 certa
616 927 740 993 nostra
766 916 931 992 sciencia
954 916 1183 1017 presentibus
1209 917 1468 1006 confirmamus,
1494 927 1532 992 et
1558 914 1607 992 dc
1632 915 1788 1017 speciali
1813 915 1916 1014 regie
1942 915 2111 1016 beruigrti-

411 1024 500 1102 tatis
525 1017 816 1143 graciancisdem
842 1020 1030 1142 episcopo,
1058 1019 1216 1142 capitulo
1244 1031 1282 1096 et
1307 1021 1407 1096 clero
1424 1019 1576 1144 'Wrab
1603 1019 1769 1141 ecclesie
1800 1029 1839 1096 et
1863 1017 2110 1148 singulpribns

412 1151 586 1308 bitti
604 1121 1219 1317 'succesibus‘
1231 1121 1705 1330 1131111111ῆῖ
1735 1131 1915 1302 ’1111
1925 1149 2111 1318 fliz?

414 1331 739 1410 doscblrouicz
764 1331 846 1406 sive
872 1330 1198 1430 Bysknpicz⁵),
1226 1329 1614 1441 Sbedlacouicu⁸)
1642 1341 1680 1406 et
1703 1329 1889 1420 Jeliu³),
1916 1353 1964 1408 ac
1989 1331 2111 1406 mium

330 1445 336 1452 '
412 1445 639 1514 vasallorum
663 1463 813 1510 suorum
838 1433 959 1525 villas,
984 1431 1436 1526 videncetttzoriazu,
1461 1433 1786 1536 Jcscukutev)
1813 1443 1852 1510 ct
1869 1433 2110 1522 Pilnicz¹')

414 1551 452 1617 et
475 1538 626 1615 invillis
643 1544 812 1636 capituli,
839 1537 983 1614 scilicet
998 1537 1190 1638 Repelin
1203 1538 1244 1626 ¹¹)
1263 1548 1301 1614 et
1317 1537 1569 1614 Suebalicn
1582 1538 1635 1628 Ι1),
1663 1537 1740 1611 Mil
1749 1537 1897 1613 ovvicn
1910 1537 1961 1628 ¹⁸),
1987 1535 2110 1640 Ope-

411 1643 564 1742 rou¹⁴)‚
591 1639 986 1740 Striganouicz¹⁵)‚
1013 1641 1189 1718 Procan
1205 1640 1243 1730 11)
1271 1651 1309 1717 et
1334 1641 1423 1717 villa
1448 1641 1633 1742 prepositi,
1661 1639 1931 1730 Oltacniu¹⁷)
1958 1653 1996 1717 ct
2019 1641 2112 1716 villa

414 1743 565 1838 decani,
592 1743 888 1835 Moehubor¹⁸)
924 1745 1022 1820 etin
1047 1746 1208 1820 omnibus
1234 1745 1337 1820 bonis
1364 1769 1497 1835 eornm,
1523 1745 1621 1818 villis
1647 1755 1684 1819 et
1710 1742 1856 1818 allodiis
1889 1769 1970 1820 cnm
1994 1745 2110 1845 perti-

414 1849 555 1928 nenciis
581 1848 659 1924 suis
685 1871 828 1941 meram,
854 1847 996 1948 plenam
1022 1859 1059 1923 et
1084 1846 1315 1926 omnimodam
1341 1849 1378 1924 in
1403 1848 1474 1924 biis
1501 1847 1647 1948 scriptis
1679 1847 1876 1923 liberaliter
1900 1845 2022 1924 divine
2045 1873 2111 1924 re-

414 1951 676 2030 muneracionis
702 1952 747 2026 ob
773 1963 979 2052 respectum
1012 1949 1061 2027 de
1093 1975 1187 2026 novo
1214 1949 1406 2043 donamus,
1441 1951 1610 2050 largimur
1635 1959 1673 2027 ct
1699 1947 1933 2028 concedimus
1959 1951 2110 2028 liberta-

415 2067 499 2150 tem,
526 2055 636 2132 nichil
662 2055 800 2130 orunino
826 2055 930 2130 nobis
956 2055 1160 2154 nostrisque
1185 2053 1381 2132 heredibus
1408 2066 1446 2132 et
1465 2054 1746 2132 successoribus
1765 2055 1874 2154 juris,
1894 2053 2110 2154 jurisdicio-

415 2159 490 2253 nis,
524 2183 659 2236 census
685 2169 748 2234 aut
773 2158 958 2236 servitutis
991 2155 1169 2258 deinceps
1200 2169 1446 2234 reservantes.

519 2263 696 2340 Preterea
721 2261 769 2339 de
795 2261 933 2362 pietate
959 2261 1063 2360 regia
1087 2259 1259 2358 graciose
1286 2261 1450 2337 favemus
1477 2272 1515 2338 et
1539 2258 1772 2337 concedimus
1799 2259 1893 2336 dom.
1920 2261 2109 2363 episcopo,

416 2365 574 2466 capitulo
606 2376 644 2442 et
678 2366 920 2464 singularibus
950 2365 1119 2466 personis
1152 2365 1292 2439 Wrat.
1332 2365 1496 2441 ecclesie
1530 2361 1706 2464 predictis
1747 2376 1784 2440 et
1816 2364 2110 2458 successoribus,

382 2565 386 2574 .
416 2470 476 2569 qui
509 2493 573 2570 pro
607 2479 767 2570 tempore
801 2468 933 2544 finerint
958 2465 1169 2560 eorundem,
1207 2465 1302 2567 quod
1328 2493 1398 2544 sua
1429 2465 1566 2543 allodia
1595 2467 1630 2542 in
1657 2467 1763 2543 terris
1789 2470 1922 2544 uostris
1948 2467 2022 2544 sita
2045 2493 2110 2570 pro

415 2581 521 2673 parte
550 2571 611 2646 vel
642 2571 677 2644 in
703 2581 777 2650 toto
809 2571 845 2646 in
876 2571 984 2648 villas
1011 2571 1345 2648 Theutonicali
1371 2576 1457 2672 jure
1488 2571 1614 2648 lucare
1649 2583 1686 2646 et
1712 2593 1897 2672 exponere
1931 2582 1969 2648 et
1995 2595 2109 2649 econ-

416 2697 526 2750 verso
552 2673 661 2748 villas
686 2673 722 2748 in
746 2671 883 2749 allodia
906 2673 1077 2774 redigere
1103 2699 1150 2751 ac
1176 2673 1354 2754 reducere
1379 2674 1522 2777 possint
1545 2684 1584 2750 et
1607 2674 1774 2766 valeant,
1802 2687 1906 2776 prout
1929 2675 2022 2776 ipsis
2048 2677 2108 2753 vel

326 2784 329 2795 '
418 2799 538 2854 eurum
564 2775 672 2852 alicui
697 2775 875 2876 expedire
899 2776 1079 2854 videbitur
1103 2802 1168 2880 pro
1194 2803 1262 2856 sue
1287 2779 1387 2854 libito
1411 2777 1624 2867 voluntatis,
1657 2777 1710 2852 ita
1735 2789 1872 2870 mmeu,
1906 2776 2003 2878 quod
2029 2779 2109 2855 sive

417 2878 505 2954 ville
532 2902 582 2954 cx
608 2875 753 2954 allodiis
778 2890 841 2953 aut
866 2878 1004 2956 allodia
1029 2906 1079 2958 ex
1096 2882 1193 2958 villis
1220 2882 1322 2959 sacta
1347 2907 1413 2959 seu
1441 2881 1541 2958 facte
1567 2881 1709 2974 fuerint,
1734 2881 1945 2982 plenissima
1968 2905 2016 2960 ac
2032 2907 2107 2958 om-
2167 2907 2173 2916 ·

417 2978 562 3058 uimoda
587 2993 624 3056 ut
648 2983 857 3083 promittitur
882 2995 1057 3084 perpetuo
1088 2983 1273 3083 gaudeant
1304 2986 1484 3062 libertate.
1544 2985 1697 3086 Insuper
1729 2985 1903 3087 episcopo
1937 2996 1975 3066 et
2005 2987 2108 3088 cupi·

420 3084 496 3160 tulo
522 3085 722 3162 memoratis
747 3085 976 3186 promittimus
1003 3087 1212 3179 bonafide,
1246 3087 1342 3188 quod
1369 3115 1436 3166 uos
1461 3097 1645 3188 nostrique
1669 3113 1912 3165 successores
1939 3101 1978 3166 et
2001 3089 2109 3167 bere·

419 3184 490 3264 des
516 3187 698 3266 Boemie
730 3213 842 3288 reges
875 3190 1102 3292 episcopum,
1136 3193 1328 3292 capitulum
1361 3205 1399 3270 et
1424 3193 1558 3271 clerum
1584 3192 1725 3266 Wrat.
1759 3192 1923 3270 ecclesie
1954 3192 2110 3296 prefate,

418 3289 552 3392 laycos
584 3315 722 3390 quoque
756 3290 923 3368 subditos
955 3317 1197 3394 quoscumque
1227 3295 1263 3370 in
1295 3306 1419 3372 nosuo
1451 3294 1605 3373 dominio
1638 3296 1851 3372 constitutos
1865 3327 1869 3334 ·
1885 3307 1922 3373 et
1946 3297 1981 3371 in
2008 3297 2111 3374 bouis

419 3393 785 3496 possessionibusque
817 3393 983 3497 predicte
1008 3397 1147 3472 Wrat
1185 3399 1350 3476 ecclesie
1386 3409 1661 3489 commorantes,
1696 3399 1793 3474 nullo
1825 3425 1986 3500 nmquam
2018 3414 2110 3478 tem·

418 3519 509 3600 pore
541 3495 805 3597 quomodolibet
837 3500 1116 3598 aggravabimus
1146 3501 1384 3600 peticionibus
1416 3503 1663 3604 pecuniarum,
1696 3503 1913 3596 animalium,
1947 3527 2110 3580 annona
2181 3523 2186 3528 ·

419 3625 507 3692 rum,
534 3601 752 3692 servitutum,
778 3613 1015 3694 vecturarum,
1042 3603 1297 3700 solucicuibus,
1324 3607 1454 3700 talliis,
1481 3606 1753 3698 exaccionibus,
1781 3607 1965 3701 collectis,
1993 3632 2110 3708 auga

420 3703 501 3796 n'is,
529 3703 772 3804 perangariis,
799 3727 1019 3806 quocumque
1044 3707 1184 3785 unumne
1210 3721 1445 3804 censeantur,
1485 3723 1547 3786 aut
1574 3707 1817 3787 descensibus
1841 3711 1903 3788 vel
1936 3713 2110 3789 stacioni·

465 4025 480 4080 l
526 4016 841 4170 llqlflrlrpcnquanKViiuig
861 4021 1002 4088 lobanns
1023 4046 1096 4090 vorn
1117 4025 1149 4090 l.
1171 4024 1241 4094 Oct.
1264 4025 1356 4109 latu,
1377 4025 1417 4092 N.
1440 4027 1591 4092 CCLXX
1618 4028 1684 4091 und
1706 4049 1780 4092 vom
1803 4025 1853 4092 13.
1876 4029 1996 4118 August
2019 4027 2110 4105 luto,

464 4195 481 4249 1
526 4187 574 4253 bis
598 4198 627 4269 5,
651 4199 679 4271 7,
703 4197 752 4270 ll,
777 4197 826 4269 lu,
851 4197 899 4270 17,
922 4196 975 4272 18)
998 4191 1129 4258 wurden
1151 4193 1267 4261 bereits
1290 4194 1341 4262 13.
1363 4197 1443 4288 Aug.
1467 4195 1560 4276 1345,
1592 4197 1632 4263 Ν.
1655 4196 1836 4264 CCLXXV
1856 4195 2011 4291 besb'a'tigt.

464 4277 484 4419 g
527 4271 852 4368 Schiedlagwibz,
874 4276 954 4340 SW.
976 4277 1029 4401 ‘ly
1054 4277 1342 4344 M.vonB1·eslau.

527 4359 609 4424 Jetzt
630 4359 845 4438 oder-witz,
867 4359 952 4426 SSO.
977 4326 1033 4448 ld
1053 4363 1097 4428 M.
1119 4386 1182 4428 von
1203 4363 1343 4429 Bresluu.
1395 4371 1397 4378 ’

465 4447 500 4525 o)
527 4442 788 4544 liischgiittel,
810 4445 891 4510 SW.
914 4447 971 4532 1⁸,
990 4411 1035 4512 bl.
1057 4469 1119 4512 von
1141 4447 1279 4529 Breslau,
1299 4471 1391 4518 wozu
1412 4448 1727 4518 Palm-Neudous
1751 4447 1892 4542 gehliule.

445 4531 499 4610 10)
528 4525 711 4610 Pulsnrta,
731 4531 820 4596 NW.
844 4531 860 4594 1
884 4529 928 4596 Μ.
951 4554 1012 4596 von
1033 4530 1173 4599 Breslau.
1869 4579 1875 4602 .

447 4617 500 4692 lu)
528 4609 889 4695 Tscbauchelwitz,
910 4615 990 4680 SW.
1013 4616 1071 4706 174
1091 4617 1135 4684 M.
1157 4641 1221 4685 von
1241 4617 1381 4688 Bresluu.

446 4697 501 4776 1³)
530 4693 757 4780 Mellowitz,
779 4700 926 4765 8801Ι
965 4699 1009 4766 M.
1031 4725 1094 4768 von
1115 4701 1255 4771 Breslau.

446 4783 501 4865 lt)
530 4781 725 4872 Opperau,
746 4783 827 4850 SW.
855 4785 885 4872 is,
941 4807 1034 4850 .von
1056 4786 1194 4855 Breslau.

446 4869 500 4948 lo)
528 4869 609 4932 letzt
629 4867 858 4951 Paacbwitz,
880 4869 960 4934 SW.
981 4870 1040 5022 2¹¹&
1059 4873 1105 4939 M.
1127 4897 1190 4940 von
1210 4871 1349 4938 Breslnu.

447 4953 501 5034 lb)
529 4949 692 5018 Prutscb
715 4975 758 5019 au
778 4955 837 5020 der
860 4954 984 5040 Weide,
1038 4957 1093 5024 W.
1116 4959 1134 5024 l
1157 4959 1203 5027 Μ.
1224 4981 1287 5025 von
1307 4953 1447 5026 Bresluu.
