4594 5774
412 501 507 598 'aon
934 479 1146 595 orionem
1203 521 1382 593 cccxx.
1414 521 1619 594 cunxxr.

430 727 530 803 ribus
555 727 711 828 ipsorum
736 723 797 800 vel
822 723 914 826 ipsis
939 723 1090 824 iujurias
1115 724 1278 823 irrogari,
1305 736 1367 800 ant
1383 735 1571 825 postquam
1587 724 1659 825 ipsi
1676 723 1735 800 vel
1755 723 1865 823 aliqui
1880 723 2036 824 ipsorum
2052 747 2119 800 uo-

430 833 489 908 bis
506 831 636 932 spolia,
655 827 853 920 molestias,
872 828 1021 928 injurias
1036 836 1073 904 et
1090 826 1384 928 perturbaciooes
1401 828 1558 934 ipsorum
1574 828 1811 903 intimaverint
1823 828 1992 903 auxilium
2006 852 2031 903 a
2043 853 2121 905 ma·

425 939 569 1035 jestate
594 932 698 1032 regia
717 931 956 1032 postulantes,
975 931 1144 1032 exceptis
1162 929 1350 1007 dumtaxat
1365 931 1561 1006 illustribus
1580 931 1809 1033 principibus,
1829 929 1979 1006 dominis
2004 931 2121 1008 Hen-

430 1039 525 1115 rico
549 1034 813 1112 Jaworensi
840 1045 878 1110 et
903 1029 1111 1111 Bollrone
1137 1033 1465 1136 Swydnicensi
1492 1033 1657 1126 ducibus,
1685 1043 1812 1111 contra
1836 1059 1927 1134 quos
1952 1034 1989 1110 in
2014 1035 2122 1112 tetris

430 1141 585 1244 ipsomm
611 1141 727 1250 ipsum
753 1136 846 1213 dom.
867 1191 907 1212 ..
935 1138 1156 1316 episcopum,
1183 1138 1381 1214 ecclesiam
1409 1149 1446 1214 et
1472 1139 1664 1239 capitulum
1689 1136 1876 1240 predictos
1893 1161 1962 1213 uon
1979 1139 2124 1216 tenebi-

430 1269 506 1322 mur
530 1240 724 1342 adjuvare,
757 1241 826 1316 nisi
851 1241 1003 1317 forsitan
1028 1241 1052 1316 ii
1081 1267 1136 1317 em
1162 1240 1279 1318 duces
1304 1242 1419 1343 ipsum
1446 1238 1538 1317 dom.
1567 1242 1795 1342 episcopum,
1828 1241 2027 1320 ecclesiam
2052 1265 2120 1319 seu

431 1345 623 1448 capitulum
646 1345 682 1420 in
710 1345 813 1420 bouis'
848 1344 1130 1446 episcopalibus,
1170 1345 1335 1428 ecclesie
1368 1369 1434 1420 seu
1469 1345 1616 1446 capituli
1649 1343 1887 1444 predictorum
1918 1346 1953 1420 in
1986 1341 2120 1424 duom

429 1447 812 1524 Wratizlauiensi
845 1444 1068 1523 seu'duoum
1101 1447 1247 1522 aliorum
1263 1450 1290 1548 ¹)
1323 1447 1540 1523 vasallorum
1573 1459 1771 1524 nostrorum
1803 1448 1884 1522 sitis
1910 1449 2120 1550 perturbare

429 1553 580 1630 forsitan
612 1561 843 1643 conarentur,
878 1562 963 1626 tnnc
996 1551 1171 1652 episcopo
1205 1551 1369 1628 ecclesie
1398 1562 1435 1626 et
1462 1551 1618 1652 capitulo
1644 1550 1819 1652 predictis
1847 1563 1972 1628 contra
1995 1549 2120 1654 predi-

430 1667 511 1735 ctos
539 1654 654 1732 duces
681 1653 731 1730 ad
756 1649 987 1755 prestandum
1021 1655 1076 1730 eis
1102 1655 1271 1729 arrxilium
1304 1665 1343 1730 et
1361 1659 1533 1752 J'uvamen
1563 1654 1726 1728 volumus
1752 1653 1914 1754 obligari.
1968 1653 2122 1756 Insuper

430 1761 605 1861 episcopo
632 1772 670 1834 et
695 1757 852 1858 capitulo
878 1757 1081 1834 memoratis
1107 1757 1338 1858 promittimus
1365 1755 1453 1832 data
1477 1756 1568 1846 lide,
1594 1755 1689 1856 quod
1715 1781 1783 1832 nos
1816 1768 1879 1834 aut
1902 1757 2119 1858 primogeni-
2145 1843 2159 1868 ,

429 1873 489 1940 tus
515 1872 638 1938 noster
664 1861 821 1938 marchio
839 1861 882 1936 M
889 1861 1042 1938 oranie
1067 1861 1277 1962 episcopum
1302 1872 1339 1938 et
1362 1860 1553 1962 capitulum
1571 1860 1708 1935 Wrat.
1735 1861 1898 1938 ecclesie
1922 1871 1960 1937 et
1986 1859 2118 1938 clemm

430 1965 632 2044 secularem
660 1965 842 2058 ecclesie,
876 1965 1035 2040 civitatis
1061 1975 1099 2040 et
1124 1962 1301 2066 dyocesis
1327 1965 1463 2040 Wrat.
1490 1965 1551 2040 vel
1577 1965 1708 2064 laycos
1735 1963 1900 2040 subditos
1926 1989 2118 2064 quoscum-

430 2093 500 2171 que
526 2069 561 2143 iu
588 2067 691 2144 bonis
718 2069 855 2143 Wrat.
883 2068 1046 2145 ecclesie
1080 2069 1325 2145 consistentes
1357 2067 1452 2143 nollo
1485 2093 1644 2166 umquam
1671 2077 1831 2168 tempore
1858 2064 2120 2168 quomodolibet

429 2172 708 2273 aggravabimus
736 2171 1007 2264 exaccionibus,
1034 2171 1156 2264 talliis,
1184 2171 1447 2264 solucionibus,
1476 2171 1657 2262 collectis,
1681 2171 1919 2272 peticionibus
1943 2171 2118 2273 pecunia·

428 2301 514 2369 nrm,
543 2275 753 2366 animalium,
779 2299 1007 2366 annonarum,
1035 2275 1262 2366 servitutum,
1288 2285 1513 2351 vecturarum
1538 2274 1600 2350 vel
1627 2274 1774 2348 aliarum
1800 2275 2025 2374 angariarum
2051 2299 2117 2352 seu

428 2378 719 2482 perangariarum
739 2401 959 2478 quocumque
986 2389 1204 2454 censeantur
1226 2377 1376 2470 nomine,
1395 2387 1457 2452 aut
1474 2375 1717 2454 descensibus
1734 2377 1795 2452 vel
1822 2377 2046 2454 stacionibns
2070 2377 2142 2453 ad·

364 2529 371 2540 ,
427 2484 538 2558 villas
556 2495 594 2559 et
611 2479 748 2557 allodia
765 2481 940 2584 episcopi,
959 2482 1105 2583 capituli
1133 2494 1170 2560 et
1187 2481 1351 2559 ecclesie
1368 2479 1619 2584 predictorum,
1646 2479 1717 2557 sed
1728 2485 1839 2580 juxta
1855 2481 2117 2582 privilegiorum

429 2610 571 2660 suorum
596 2597 743 2660 tenores
769 2585 860 2685 ipsis
886 2586 920 2659 iu
947 2583 1018 2660 hiis
1044 2585 1191 2687 scriptis
1217 2609 1365 2677 merom,
1396 2585 1539 2686 plenam
1565 2595 1603 2659 et
1628 2581 1861 2660 omnimodam
1887 2583 2117 2662 concedimus

427 2688 638 2776 libertatem.
681 2687 722 2762 lu
749 2711 892 2786 quorum
910 2689 1057 2763 omnium
1074 2690 1311 2766 testimonium
1329 2699 1368 2765 et
1383 2689 1489 2763 robur
1513 2699 1687 2790 perpetuo
1713 2687 1900 2762 valiturum
1925 2700 2115 2790 presentes

430 2791 610 2870 conscribi
637 2799 674 2866 et
691 2791 913 2892 appensione
931 2791 1042 2892 sigilli
1065 2793 1178 2868 nostri
1195 2793 1357 2868 volumus
1375 2792 1587 2870 communiti.
1625 2791 1757 2866 Danum
1775 2792 1965 2893 Parysius,
1993 2797 2116 2892 qu'arta

409 2891 491 2972 ‘die
517 2893 652 2971 mensis
679 2892 860 2987 Octobris,
885 2919 920 2970 a.
947 2892 1040 2970 dom.
1067 2895 1253 2972 millesimo
1279 2895 1534 2972 trecentesimo
1560 2891 1837 2995 quadragesimo
1864 2893 2038 2972 secundo.

549 3526 637 3602 rapo
658 3525 789 3588 otonem
811 3525 868 3620 vl...
895 3527 968 3587 uber
989 3525 1045 3586 uon
1065 3537 1122 3588 vnn
1143 3526 1196 3586 tor
1216 3525 1299 3586 ttaut
1320 3527 1439 3588 breslau
1462 3539 1498 3586 m
1520 3527 1744 3588 outmrhtoutm
1765 3526 1996 3604 remoturus.

430 3683 431 3688 ’
468 3676 528 3726 Aua
546 3676 605 3726 darn
622 3675 753 3743 onglnale
771 3679 819 3728 dea
836 3677 1181 3727 lutiauationalnrtramenta
1198 3677 1232 3726 tm
1250 3677 1368 3727 Arehtva
1385 3679 1433 3728 dea
1450 3677 1625 3740 Bamcapitela
1642 3679 1675 3728 R.
1692 3672 1736 3729 88.
1771 3679 1825 3728 nm
1842 3677 2079 3728 Notatataaalehoo

1173 3763 1209 3813 iat
1224 3763 1368 3829 benengo

295 3907 374 3981 rata,
531 3891 574 3968 lu
599 3894 738 3971 nomine
764 3894 895 3970 domiui
920 3919 1035 3972 amen.
1086 3895 1195 3971 Auno
1220 3896 1419 3970 nativitatis
1445 3893 1610 3998 ejusdem
1643 3897 1830 3974 millesimo
1862 3897 2115 3974 trecentesimo

258 3975 416 4048 ’lm‘
430 3993 706 4097 quadragesimo
732 3999 859 4090 tercio,
884 3996 1088 4075 indiccione
1113 3997 1184 4091 XI,
1211 3996 1272 4075 die
1297 3997 1435 4074 XXVI
1460 4000 1595 4076 mensis
1622 3997 1860 4102 Septembris,
1887 3999 2114 4100 pontificatus

430 4100 649 4177 sanctissimi
679 4100 714 4174 iu
742 4098 889 4178 Christo
921 4102 1035 4203 patris
1067 4113 1105 4177 et
1130 4101 1278 4194 domini,
1313 4101 1405 4178 dom.
1434 4100 1681 4180 Clementis
1712 4129 1809 4206 pape
1835 4103 1903 4178 Vl.
1930 4126 2023 4179 anuo
2049 4127 2114 4179 se·

430 4201 565 4296 cundo,
591 4201 683 4278 lrora
707 4201 887 4298 meridiei,
913 4204 1129 4280 Aninioni
1153 4205 1188 4280 iu
1215 4203 1319 4282 domo
1333 4206 1584 4282 lrabitaciouis
1611 4205 1761 4284 discreti
1777 4205 1844 4280 viri
1861 4232 1893 4280 m
1945 4207 1954 4224 ‘
1979 4207 2021 4281 tri
2037 4206 2064 4281 J
2071 4230 2113 4282 o-

428 4301 590 4424 hannis
620 4303 710 4426 Illy
743 4303 791 4382 de
823 4305 993 4428 anglia
1018 4307 1413 4431 notarii,·veperabilis
1439 4309 1506 4385 viri
1532 4305 1624 4386 dom.
1653 4309 1892 4385 Guilhelmi
1946 4309 2114 4429 eNpr·

429 4406 1686 4614 lotumdinoot*lltrtllllntlltlnll{ll
1703 4407 2114 4608 llllflltttlssll

431 4617 469 4682 et
492 4609 687 4688 incolarum
712 4611 870 4688 civitatis
894 4611 1031 4688 Wrat.
1058 4611 1243 4716 predicte,
1276 4615 1453 4716 quandam
1485 4617 1624 4693 literam
1657 4617 1878 4696 sanctissimi
1902 4615 2114 4696 incusato

429 4711 543 4808 patris
569 4723 606 4788 et
631 4710 772 4808 domiui,
799 4713 894 4791 dom.
915 4713 1167 4794 Clementis
1191 4743 1288 4822 pape
1305 4719 1374 4794 Vl.
1400 4719 1543 4822 prefati,
1572 4742 1652 4796 cum
1669 4725 1752 4821 ejus
1769 4745 1859 4798 vera
1876 4719 1975 4797 bulla
1998 4720 2114 4822 plum-

475 4947 509 5026 ι)
533 4943 611 5010 Hier
631 4943 712 5016 fehlt
731 4948 820 5016 mehr
840 4949 926 5018 ohne
948 4949 1146 5043 &dmmngz
1167 4963 1391 5042 patronorum,
1411 4971 1474 5018 ms
1494 4951 1534 5018 N.
1556 4951 1723 5022 001,th
1744 4954 1778 5020 s.
1798 4953 1861 5022 291
1884 4955 1920 5022 z
1943 4953 1986 5021 12
2003 4953 2070 5058 bru
