<?xml version="1.0" encoding="UTF-8"?>
<!DOCTYPE html PUBLIC "-//W3C//DTD XHTML 1.0 Transitional//EN"
    "http://www.w3.org/TR/xhtml1/DTD/xhtml1-transitional.dtd">
<html xmlns="http://www.w3.org/1999/xhtml" xml:lang="en" lang="en">
 <head>
  <title>
</title>
<meta http-equiv="Content-Type" content="text/html;charset=utf-8" />
  <meta name='ocr-system' content='tesseract 3.04.00' />
  <meta name='ocr-capabilities' content='ocr_page ocr_carea ocr_par ocr_line ocrx_word'/>
</head>
<body>
  <div class='ocr_page' id='page_1' title='image "./urkundenzurgesc00stengoog_0187.png"; bbox 0 0 4634 5762; ppageno 0'>
   <div class='ocr_carea' id='block_1_1' title="bbox 1025 501 1468 580">
    <p class='ocr_par' dir='ltr' id='par_1_1' title="bbox 1025 501 1468 580">
     <span class='ocr_line' id='line_1_1' title="bbox 1025 501 1468 580; baseline -0.002 0"><span class='ocrx_word' id='word_1_1' title='bbox 1025 501 1245 580; x_wconf 57' lang='lat' dir='ltr'>vinnan.</span> <span class='ocrx_word' id='word_1_2' title='bbox 1302 503 1468 580; x_wconf 55' lang='grc' dir='ltr'>ΕΗΓ</span> 
     </span>
    </p>
   </div>
   <div class='ocr_carea' id='block_1_2' title="bbox 1160 753 1325 896">
    <p class='ocr_par' dir='ltr' id='par_1_2' title="bbox 1160 753 1325 896">
     <span class='ocr_line' id='line_1_2' title="bbox 1160 753 1325 896; baseline 0.006 -3"><span class='ocrx_word' id='word_1_3' title='bbox 1160 753 1325 896; x_wconf 53' lang='lat' dir='ltr'>unm,</span> 
     </span>
    </p>
   </div>
   <div class='ocr_carea' id='block_1_3' title="bbox 235 956 2093 1185">
    <p class='ocr_par' dir='ltr' id='par_1_3' title="bbox 235 956 2093 1185">
     <span class='ocr_line' id='line_1_3' title="bbox 275 956 2093 1080; baseline -0.002 -10"><span class='ocrx_word' id='word_1_4' title='bbox 275 1009 354 1080; x_wconf 65' lang='lat' dir='ltr'>lm,</span> <span class='ocrx_word' id='word_1_5' title='bbox 392 1002 720 1069; x_wconf 68' lang='lat' dir='ltr'>nummulariam</span> <span class='ocrx_word' id='word_1_6' title='bbox 738 956 861 1078; x_wconf 63' lang='lat' dir='ltr'>bumb-</span> <span class='ocrx_word' id='word_1_7' title='bbox 878 999 931 1062; x_wconf 80' lang='lat' dir='ltr'>tot</span> <span class='ocrx_word' id='word_1_8' title='bbox 950 999 1139 1076; x_wconf 63' lang='lat' dir='ltr'>‚epauleum</span> <span class='ocrx_word' id='word_1_9' title='bbox 1158 999 1288 1078; x_wconf 71' lang='lat' dir='ltr'>terum</span> <span class='ocrx_word' id='word_1_10' title='bbox 1309 999 1423 1076; x_wconf 62' lang='lat' dir='ltr'>rmus,</span> <span class='ocrx_word' id='word_1_11' title='bbox 1444 999 1517 1062; x_wconf 74' lang='lat' dir='ltr'>tter</span> <span class='ocrx_word' id='word_1_12' title='bbox 1537 962 1586 1062; x_wconf 78' lang='lat' dir='ltr'>tle</span> <span class='ocrx_word' id='word_1_13' title='bbox 1606 997 1834 1075; x_wconf 55' lang='lat' dir='ltr'>mima-mr</span> <span class='ocrx_word' id='word_1_14' title='bbox 1858 997 2007 1063; x_wconf 72' lang='lat' dir='ltr'>avutam</span> <span class='ocrx_word' id='word_1_15' title='bbox 2027 1000 2093 1067; x_wconf 72' lang='lat' dir='ltr'>tt·</span> 
     </span>
     <span class='ocr_line' id='line_1_4' title="bbox 235 1079 2051 1185; baseline -0.003 -16"><span class='ocrx_word' id='word_1_16' title='bbox 235 1079 278 1136; x_wconf 57' lang='lat' dir='ltr'>¹st</span> <span class='ocrx_word' id='word_1_17' title='bbox 296 1085 368 1151; x_wconf 61' lang='lat'>”⁸-</span> <span class='ocrx_word' id='word_1_18' title='bbox 406 1105 569 1185; x_wconf 76' lang='lat' dir='ltr'>,urumq</span> <span class='ocrx_word' id='word_1_19' title='bbox 584 1107 650 1169; x_wconf 79' lang='lat' dir='ltr'>uu</span> <span class='ocrx_word' id='word_1_20' title='bbox 670 1105 737 1185; x_wconf 62' lang='lat' dir='ltr'>riu</span> <span class='ocrx_word' id='word_1_21' title='bbox 758 1101 873 1184; x_wconf 61' lang='lat' dir='ltr'>astur</span> <span class='ocrx_word' id='word_1_22' title='bbox 892 1101 1092 1172; x_wconf 71' lang='lat' dir='ltr'>murrona</span> <span class='ocrx_word' id='word_1_23' title='bbox 1112 1103 1173 1166; x_wconf 83' lang='lat' dir='ltr'>nr</span> <span class='ocrx_word' id='word_1_24' title='bbox 1192 1103 1258 1164; x_wconf 75' lang='lat' dir='ltr'>on</span> <span class='ocrx_word' id='word_1_25' title='bbox 1279 1102 1405 1179; x_wconf 62' lang='lat' dir='ltr'>amq·</span> <span class='ocrx_word' id='word_1_26' title='bbox 1423 1099 1564 1176; x_wconf 72' lang='lat' dir='ltr'>murco</span> <span class='ocrx_word' id='word_1_27' title='bbox 1582 1099 1627 1163; x_wconf 85' lang='lat' dir='ltr'>u.</span> <span class='ocrx_word' id='word_1_28' title='bbox 1648 1114 1704 1163; x_wconf 71' lang='lat' dir='ltr'>vm</span> <span class='ocrx_word' id='word_1_29' title='bbox 1725 1101 1877 1165; x_wconf 68' lang='lat' dir='ltr'>umerus</span> <span class='ocrx_word' id='word_1_30' title='bbox 1898 1101 2051 1176; x_wconf 67' lang='lat' dir='ltr'>umnam</span> 
     </span>
    </p>
   </div>
   <div class='ocr_carea' id='block_1_4' title="bbox 849 1223 1640 1320">
    <p class='ocr_par' dir='ltr' id='par_1_4' title="bbox 849 1223 1640 1320">
     <span class='ocr_line' id='line_1_5' title="bbox 849 1223 1640 1320; baseline -0.004 -15"><span class='ocrx_word' id='word_1_31' title='bbox 849 1251 933 1306; x_wconf 70' lang='lat' dir='ltr'>uns</span> <span class='ocrx_word' id='word_1_32' title='bbox 947 1251 1027 1320; x_wconf 71' lang='lat' dir='ltr'>urge</span> <span class='ocrx_word' id='word_1_33' title='bbox 1040 1251 1234 1320; x_wconf 53' lang='lat' dir='ltr'>„mtegram</span> <span class='ocrx_word' id='word_1_34' title='bbox 1253 1251 1394 1317; x_wconf 60' lang='lat' dir='ltr'>ossam</span> <span class='ocrx_word' id='word_1_35' title='bbox 1411 1223 1499 1302; x_wconf 67' lang='lat' dir='ltr'>m</span> <span class='ocrx_word' id='word_1_36' title='bbox 1515 1249 1562 1303; x_wconf 80' lang='lat' dir='ltr'>ut</span> <span class='ocrx_word' id='word_1_37' title='bbox 1579 1223 1640 1302; x_wconf 75' lang='lat' dir='ltr'>ltu</span> 
     </span>
    </p>
   </div>
   <div class='ocr_carea' id='block_1_5' title="bbox 396 1382 2163 3256">
    <p class='ocr_par' dir='ltr' id='par_1_5' title="bbox 396 1382 2163 3256">
     <span class='ocr_line' id='line_1_6' title="bbox 499 1382 2093 1490; baseline -0.002 -20"><span class='ocrx_word' id='word_1_38' title='bbox 499 1395 541 1470; x_wconf 92' lang='lat' dir='ltr'>ln</span> <span class='ocrx_word' id='word_1_39' title='bbox 565 1391 704 1473; x_wconf 83' lang='lat' dir='ltr'>nomine</span> <span class='ocrx_word' id='word_1_40' title='bbox 723 1382 853 1469; x_wconf 86' lang='lat' dir='ltr'>domini</span> <span class='ocrx_word' id='word_1_41' title='bbox 873 1387 986 1466; x_wconf 91' lang='lat' dir='ltr'>nostri</span> <span class='ocrx_word' id='word_1_42' title='bbox 1000 1388 1119 1466; x_wconf 88' lang='lat' dir='ltr'>Jbesu</span> <span class='ocrx_word' id='word_1_43' title='bbox 1138 1385 1276 1470; x_wconf 82' lang='lat' dir='ltr'>Christi</span> <span class='ocrx_word' id='word_1_44' title='bbox 1299 1413 1414 1466; x_wconf 90' lang='lat' dir='ltr'>amen.</span> <span class='ocrx_word' id='word_1_45' title='bbox 1436 1429 1440 1436; x_wconf 91' lang='lat'><strong>·</strong></span> <span class='ocrx_word' id='word_1_46' title='bbox 1466 1387 1553 1467; x_wconf 90' lang='lat' dir='ltr'>Nos</span> <span class='ocrx_word' id='word_1_47' title='bbox 1569 1385 1828 1490; x_wconf 78' lang='lat' dir='ltr'>Philippus,</span> <span class='ocrx_word' id='word_1_48' title='bbox 1855 1385 2093 1467; x_wconf 78' lang='lat' dir='ltr'><strong>miseracione</strong></span> 
     </span>
     <span class='ocr_line' id='line_1_7' title="bbox 396 1485 2091 1599; baseline -0.006 -21"><span class='ocrx_word' id='word_1_49' title='bbox 396 1497 518 1578; x_wconf 88' lang='lat' dir='ltr'>divina</span> <span class='ocrx_word' id='word_1_50' title='bbox 539 1497 777 1574; x_wconf 73' lang='lat' dir='ltr'><strong>Firmanus</strong></span> <span class='ocrx_word' id='word_1_51' title='bbox 795 1491 1016 1598; x_wconf 84' lang='lat' dir='ltr'>episcopus,</span> <span class='ocrx_word' id='word_1_52' title='bbox 1049 1489 1253 1596; x_wconf 82' lang='lat' dir='ltr'>apostolice</span> <span class='ocrx_word' id='word_1_53' title='bbox 1278 1489 1381 1570; x_wconf 87' lang='lat' dir='ltr'>sedis</span> <span class='ocrx_word' id='word_1_54' title='bbox 1405 1492 1572 1594; x_wconf 82' lang='lat' dir='ltr'>legatus,</span> <span class='ocrx_word' id='word_1_55' title='bbox 1598 1517 1623 1573; x_wconf 89' lang='lat' dir='ltr'>a</span> <span class='ocrx_word' id='word_1_56' title='bbox 1647 1491 1844 1570; x_wconf 87' lang='lat' dir='ltr'>venerabili</span> <span class='ocrx_word' id='word_1_57' title='bbox 1867 1503 1972 1599; x_wconf 89' lang='lat' dir='ltr'>patre</span> <span class='ocrx_word' id='word_1_58' title='bbox 1997 1485 2091 1589; x_wconf 72' lang='lat' dir='ltr'>dom,</span> 
     </span>
     <span class='ocr_line' id='line_1_8' title="bbox 396 1593 2091 1703; baseline -0.006 -21"><span class='ocrx_word' id='word_1_59' title='bbox 396 1603 584 1694; x_wconf 75' lang='lat' dir='ltr'>Thomu,</span> <span class='ocrx_word' id='word_1_60' title='bbox 613 1594 649 1676; x_wconf 90' lang='lat' dir='ltr'>d.</span> <span class='ocrx_word' id='word_1_61' title='bbox 668 1623 723 1700; x_wconf 80' lang='lat' dir='ltr'>gr.</span> <span class='ocrx_word' id='word_1_62' title='bbox 743 1593 917 1702; x_wconf 88' lang='lat' dir='ltr'>episcopo</span> <span class='ocrx_word' id='word_1_63' title='bbox 936 1609 974 1674; x_wconf 92' lang='lat' dir='ltr'>et</span> <span class='ocrx_word' id='word_1_64' title='bbox 991 1595 1162 1686; x_wconf 83' lang='lat' dir='ltr'>discretis</span> <span class='ocrx_word' id='word_1_65' title='bbox 1179 1595 1267 1673; x_wconf 90' lang='lat' dir='ltr'>viris</span> <span class='ocrx_word' id='word_1_66' title='bbox 1285 1593 1443 1703; x_wconf 87' lang='lat' dir='ltr'>capitulo</span> <span class='ocrx_word' id='word_1_67' title='bbox 1460 1593 1604 1672; x_wconf 87' lang='lat' dir='ltr'>Wrat.</span> <span class='ocrx_word' id='word_1_68' title='bbox 1631 1593 1796 1675; x_wconf 81' lang='lat' dir='ltr'>ecclesie</span> <span class='ocrx_word' id='word_1_69' title='bbox 1815 1619 1864 1672; x_wconf 85' lang='lat' dir='ltr'>ex</span> <span class='ocrx_word' id='word_1_70' title='bbox 1887 1620 1959 1672; x_wconf 88' lang='lat' dir='ltr'>uua</span> <span class='ocrx_word' id='word_1_71' title='bbox 1974 1606 2091 1698; x_wconf 89' lang='lat' dir='ltr'>parte,</span> 
     </span>
     <span class='ocr_line' id='line_1_9' title="bbox 397 1691 2093 1797; baseline -0.006 -12"><span class='ocrx_word' id='word_1_72' title='bbox 397 1721 435 1786; x_wconf 93' lang='lat' dir='ltr'>et</span> <span class='ocrx_word' id='word_1_73' title='bbox 451 1707 559 1783; x_wconf 90' lang='lat' dir='ltr'>nobili</span> <span class='ocrx_word' id='word_1_74' title='bbox 577 1703 672 1797; x_wconf 91' lang='lat' dir='ltr'>viro,</span> <span class='ocrx_word' id='word_1_75' title='bbox 700 1699 794 1778; x_wconf 91' lang='lat' dir='ltr'>dom.</span> <span class='ocrx_word' id='word_1_76' title='bbox 819 1701 1039 1793; x_wconf 84' lang='lat' dir='ltr'>ilenrico,</span> <span class='ocrx_word' id='word_1_77' title='bbox 1067 1697 1164 1778; x_wconf 89' lang='lat' dir='ltr'>duce</span> <span class='ocrx_word' id='word_1_78' title='bbox 1190 1695 1343 1778; x_wconf 84' lang='lat' dir='ltr'>Slesie</span> <span class='ocrx_word' id='word_1_79' title='bbox 1368 1710 1405 1776; x_wconf 88' lang='lat' dir='ltr'>et</span> <span class='ocrx_word' id='word_1_80' title='bbox 1423 1691 1516 1775; x_wconf 92' lang='lat' dir='ltr'>dom.</span> <span class='ocrx_word' id='word_1_81' title='bbox 1534 1699 1678 1776; x_wconf 90' lang='lat' dir='ltr'>Wrat.</span> <span class='ocrx_word' id='word_1_82' title='bbox 1706 1723 1756 1775; x_wconf 82' lang='lat' dir='ltr'>cx</span> <span class='ocrx_word' id='word_1_83' title='bbox 1773 1697 1907 1792; x_wconf 76' lang='lat' dir='ltr'>altera,</span> <span class='ocrx_word' id='word_1_84' title='bbox 1935 1723 2093 1776; x_wconf 86' lang='lat' dir='ltr'>commu-</span> 
     </span>
     <span class='ocr_line' id='line_1_10' title="bbox 396 1799 2090 1906; baseline -0.006 -18"><span class='ocrx_word' id='word_1_85' title='bbox 396 1812 488 1893; x_wconf 89' lang='lat' dir='ltr'>niter</span> <span class='ocrx_word' id='word_1_86' title='bbox 512 1821 550 1886; x_wconf 87' lang='lat' dir='ltr'>at</span> <span class='ocrx_word' id='word_1_87' title='bbox 571 1804 802 1886; x_wconf 51' lang='lat' dir='ltr'>¹concorditer</span> <span class='ocrx_word' id='word_1_88' title='bbox 822 1804 860 1880; x_wconf 91' lang='lat' dir='ltr'>in</span> <span class='ocrx_word' id='word_1_89' title='bbox 883 1804 1069 1898; x_wconf 83' lang='lat' dir='ltr'>arbitrum,</span> <span class='ocrx_word' id='word_1_90' title='bbox 1094 1805 1339 1883; x_wconf 89' lang='lat' dir='ltr'>arbitratorem</span> <span class='ocrx_word' id='word_1_91' title='bbox 1364 1813 1402 1882; x_wconf 92' lang='lat' dir='ltr'>et</span> <span class='ocrx_word' id='word_1_92' title='bbox 1425 1803 1648 1880; x_wconf 72' lang='lat' dir='ltr'>amicabilem</span> <span class='ocrx_word' id='word_1_93' title='bbox 1672 1803 1945 1906; x_wconf 81' lang='lat' dir='ltr'>compositorem</span> <span class='ocrx_word' id='word_1_94' title='bbox 1968 1799 2090 1893; x_wconf 88' lang='lat' dir='ltr'>electi,</span> 
     </span>
     <span class='ocr_line' id='line_1_11' title="bbox 398 1903 2092 2017; baseline -0.006 -25"><span class='ocrx_word' id='word_1_95' title='bbox 398 1938 508 2017; x_wconf 87' lang='lat' dir='ltr'>super</span> <span class='ocrx_word' id='word_1_96' title='bbox 529 1911 643 1990; x_wconf 87' lang='lat' dir='ltr'>variis</span> <span class='ocrx_word' id='word_1_97' title='bbox 666 1921 704 1988; x_wconf 92' lang='lat' dir='ltr'>et</span> <span class='ocrx_word' id='word_1_98' title='bbox 727 1907 885 2007; x_wconf 82' lang='lat' dir='ltr'>dirersis</span> <span class='ocrx_word' id='word_1_99' title='bbox 903 1907 1166 2008; x_wconf 79' lang='lat' dir='ltr'>questionibus,</span> <span class='ocrx_word' id='word_1_100' title='bbox 1201 1907 1336 1999; x_wconf 89' lang='lat' dir='ltr'>litibus,</span> <span class='ocrx_word' id='word_1_101' title='bbox 1360 1905 1618 1986; x_wconf 88' lang='lat' dir='ltr'>controversiis</span> <span class='ocrx_word' id='word_1_102' title='bbox 1645 1918 1753 2010; x_wconf 86' lang='lat' dir='ltr'>atque</span> <span class='ocrx_word' id='word_1_103' title='bbox 1778 1903 1995 2000; x_wconf 87' lang='lat' dir='ltr'>discordiis,</span> <span class='ocrx_word' id='word_1_104' title='bbox 2021 1931 2092 2006; x_wconf 89' lang='lat' dir='ltr'>que</span> 
     </span>
     <span class='ocr_line' id='line_1_12' title="bbox 397 2009 2092 2118; baseline -0.006 -22"><span class='ocrx_word' id='word_1_105' title='bbox 397 2019 489 2098; x_wconf 90' lang='lat' dir='ltr'>inter</span> <span class='ocrx_word' id='word_1_106' title='bbox 518 2013 621 2118; x_wconf 88' lang='lat' dir='ltr'>ipsos</span> <span class='ocrx_word' id='word_1_107' title='bbox 653 2011 851 2094; x_wconf 78' lang='lat' dir='ltr'>occasione</span> <span class='ocrx_word' id='word_1_108' title='bbox 879 2009 1102 2111; x_wconf 74' lang='lat' dir='ltr'>,quarundam</span> <span class='ocrx_word' id='word_1_109' title='bbox 1134 2009 1385 2104; x_wconf 88' lang='lat' dir='ltr'>collectarum,</span> <span class='ocrx_word' id='word_1_110' title='bbox 1419 2009 1674 2103; x_wconf 86' lang='lat' dir='ltr'>exaccionum,</span> <span class='ocrx_word' id='word_1_111' title='bbox 1705 2035 1900 2106; x_wconf 91' lang='lat' dir='ltr'>munerum,</span> <span class='ocrx_word' id='word_1_112' title='bbox 1934 2033 2092 2101; x_wconf 74' lang='lat' dir='ltr'>enemim,</span> 
     </span>
     <span class='ocr_line' id='line_1_13' title="bbox 397 2110 2091 2219; baseline -0.006 -19"><span class='ocrx_word' id='word_1_113' title='bbox 397 2120 614 2210; x_wconf 76' lang='lat' dir='ltr'>abaciacum,</span> <span class='ocrx_word' id='word_1_114' title='bbox 641 2117 859 2210; x_wconf 81' lang='lat' dir='ltr'>servitutum,</span> <span class='ocrx_word' id='word_1_115' title='bbox 876 2110 1155 2219; x_wconf 79' lang='lat' dir='ltr'>jurisdIciouum</span> <span class='ocrx_word' id='word_1_116' title='bbox 1171 2127 1209 2195; x_wconf 91' lang='lat' dir='ltr'>et</span> <span class='ocrx_word' id='word_1_117' title='bbox 1225 2115 1372 2193; x_wconf 88' lang='lat' dir='ltr'>aliorum</span> <span class='ocrx_word' id='word_1_118' title='bbox 1387 2115 1632 2216; x_wconf 77' lang='lat' dir='ltr'>gravaminum</span> <span class='ocrx_word' id='word_1_119' title='bbox 1652 2137 1791 2194; x_wconf 90' lang='lat' dir='ltr'>necnon</span> <span class='ocrx_word' id='word_1_120' title='bbox 1810 2113 2091 2218; x_wconf 87' lang='lat' dir='ltr'>occupaciorrum</span> 
     </span>
     <span class='ocr_line' id='line_1_14' title="bbox 397 2214 2093 2322; baseline -0.008 -16"><span class='ocrx_word' id='word_1_121' title='bbox 397 2238 436 2306; x_wconf 85' lang='lat' dir='ltr'>et</span> <span class='ocrx_word' id='word_1_122' title='bbox 451 2221 672 2312; x_wconf 83' lang='lat' dir='ltr'>invasionum</span> <span class='ocrx_word' id='word_1_123' title='bbox 697 2246 744 2300; x_wconf 85' lang='lat' dir='ltr'>ac</span> <span class='ocrx_word' id='word_1_124' title='bbox 767 2214 1025 2322; x_wconf 75' lang='lat' dir='ltr'>spoliationem</span> <span class='ocrx_word' id='word_1_125' title='bbox 1047 2217 1229 2314; x_wconf 89' lang='lat' dir='ltr'>villarum,</span> <span class='ocrx_word' id='word_1_126' title='bbox 1254 2217 1467 2321; x_wconf 73' lang='lat' dir='ltr'>prediorum</span> <span class='ocrx_word' id='word_1_127' title='bbox 1517 2215 1784 2308; x_wconf 86' lang='lat' dir='ltr'>ossessiouum‚</span> <span class='ocrx_word' id='word_1_128' title='bbox 1819 2214 2037 2294; x_wconf 87' lang='lat' dir='ltr'>decimarum</span> <span class='ocrx_word' id='word_1_129' title='bbox 2054 2229 2093 2294; x_wconf 87' lang='lat' dir='ltr'>et</span> 
     </span>
     <span class='ocr_line' id='line_1_15' title="bbox 396 2245 2093 2426; baseline -0.006 -21"><span class='ocrx_word' id='word_1_130' title='bbox 396 2327 542 2425; x_wconf 77' lang='lat' dir='ltr'>aliorum</span> <span class='ocrx_word' id='word_1_131' title='bbox 561 2323 708 2426; x_wconf 86' lang='lat' dir='ltr'>jurium,</span> <span class='ocrx_word' id='word_1_132' title='bbox 742 2321 1098 2422; x_wconf 74' lang='lat' dir='ltr'>necnonlructuum,</span> <span class='ocrx_word' id='word_1_133' title='bbox 1131 2336 1363 2426; x_wconf 88' lang='lat' dir='ltr'>proventuum</span> <span class='ocrx_word' id='word_1_134' title='bbox 1387 2334 1425 2400; x_wconf 90' lang='lat' dir='ltr'>et</span> <span class='ocrx_word' id='word_1_135' title='bbox 1449 2245 1621 2411; x_wconf 85' lang='lat' dir='ltr'>redituum</span> <span class='ocrx_word' id='word_1_136' title='bbox 1647 2317 1840 2403; x_wconf 77' lang='lat' dir='ltr'>eorumdem</span> <span class='ocrx_word' id='word_1_137' title='bbox 1862 2321 2093 2398; x_wconf 80' lang='lat' dir='ltr'>vertebantur</span> 
     </span>
     <span class='ocr_line' id='line_1_16' title="bbox 397 2421 2090 2530; baseline -0.008 -17"><span class='ocrx_word' id='word_1_138' title='bbox 397 2445 434 2515; x_wconf 87' lang='lat' dir='ltr'>et</span> <span class='ocrx_word' id='word_1_139' title='bbox 452 2441 571 2524; x_wconf 56' lang='lat' dir='ltr'>aaut,</span> <span class='ocrx_word' id='word_1_140' title='bbox 596 2452 708 2530; x_wconf 81' lang='lat' dir='ltr'>super</span> <span class='ocrx_word' id='word_1_141' title='bbox 731 2427 859 2528; x_wconf 86' lang='lat' dir='ltr'>quibus</span> <span class='ocrx_word' id='word_1_142' title='bbox 883 2437 921 2506; x_wconf 93' lang='lat' dir='ltr'>et</span> <span class='ocrx_word' id='word_1_143' title='bbox 944 2423 992 2508; x_wconf 89' lang='lat' dir='ltr'>de</span> <span class='ocrx_word' id='word_1_144' title='bbox 1016 2425 1144 2526; x_wconf 88' lang='lat' dir='ltr'>quibus</span> <span class='ocrx_word' id='word_1_145' title='bbox 1162 2427 1322 2505; x_wconf 89' lang='lat' dir='ltr'>onnribus</span> <span class='ocrx_word' id='word_1_146' title='bbox 1349 2436 1387 2520; x_wconf 86' lang='lat' dir='ltr'>et</span> <span class='ocrx_word' id='word_1_147' title='bbox 1402 2421 1556 2526; x_wconf 81' lang='lat' dir='ltr'>singulis</span> <span class='ocrx_word' id='word_1_148' title='bbox 1578 2450 1720 2515; x_wconf 87' lang='lat' dir='ltr'>necnon</span> <span class='ocrx_word' id='word_1_149' title='bbox 1738 2435 1776 2504; x_wconf 90' lang='lat' dir='ltr'>et</span> <span class='ocrx_word' id='word_1_150' title='bbox 1793 2421 2004 2526; x_wconf 86' lang='lat' dir='ltr'>quibusdam</span> <span class='ocrx_word' id='word_1_151' title='bbox 2021 2421 2090 2500; x_wconf 91' lang='lat' dir='ltr'>de·</span> 
     </span>
     <span class='ocr_line' id='line_1_17' title="bbox 398 2522 2093 2636; baseline -0.006 -21"><span class='ocrx_word' id='word_1_152' title='bbox 398 2535 480 2615; x_wconf 85' lang='lat' dir='ltr'>bitis</span> <span class='ocrx_word' id='word_1_153' title='bbox 504 2533 584 2614; x_wconf 88' lang='lat' dir='ltr'>sive</span> <span class='ocrx_word' id='word_1_154' title='bbox 601 2529 838 2636; x_wconf 84' lang='lat' dir='ltr'>pecuniarum</span> <span class='ocrx_word' id='word_1_155' title='bbox 861 2531 1132 2632; x_wconf 84' lang='lat' dir='ltr'>quantitatibus,</span> <span class='ocrx_word' id='word_1_156' title='bbox 1160 2556 1230 2632; x_wconf 87' lang='lat' dir='ltr'>que</span> <span class='ocrx_word' id='word_1_157' title='bbox 1254 2529 1374 2607; x_wconf 82' lang='lat' dir='ltr'>dIctus</span> <span class='ocrx_word' id='word_1_158' title='bbox 1400 2530 1596 2632; x_wconf 81' lang='lat' dir='ltr'>episcopus</span> <span class='ocrx_word' id='word_1_159' title='bbox 1619 2529 1665 2608; x_wconf 86' lang='lat' dir='ltr'>ab</span> <span class='ocrx_word' id='word_1_160' title='bbox 1684 2525 1814 2606; x_wconf 91' lang='lat' dir='ltr'>eodem</span> <span class='ocrx_word' id='word_1_161' title='bbox 1831 2522 1927 2608; x_wconf 91' lang='lat' dir='ltr'>duce</span> <span class='ocrx_word' id='word_1_162' title='bbox 1943 2525 2093 2632; x_wconf 90' lang='lat' dir='ltr'>petebat</span> 
     </span>
     <span class='ocr_line' id='line_1_18' title="bbox 398 2629 2092 2738; baseline -0.003 -22"><span class='ocrx_word' id='word_1_163' title='bbox 398 2649 437 2716; x_wconf 89' lang='lat' dir='ltr'>et</span> <span class='ocrx_word' id='word_1_164' title='bbox 452 2662 547 2738; x_wconf 85' lang='lat' dir='ltr'>quas</span> <span class='ocrx_word' id='word_1_165' title='bbox 561 2635 648 2726; x_wconf 85' lang='lat' dir='ltr'>sibi,</span> <span class='ocrx_word' id='word_1_166' title='bbox 675 2631 839 2716; x_wconf 86' lang='lat' dir='ltr'>ecclesie</span> <span class='ocrx_word' id='word_1_167' title='bbox 857 2659 924 2713; x_wconf 92' lang='lat' dir='ltr'>sue</span> <span class='ocrx_word' id='word_1_168' title='bbox 947 2631 1106 2728; x_wconf 85' lang='lat' dir='ltr'>nomine,</span> <span class='ocrx_word' id='word_1_169' title='bbox 1132 2633 1247 2736; x_wconf 90' lang='lat' dir='ltr'>ipsum</span> <span class='ocrx_word' id='word_1_170' title='bbox 1265 2634 1382 2712; x_wconf 88' lang='lat' dir='ltr'>terreri</span> <span class='ocrx_word' id='word_1_171' title='bbox 1399 2633 1545 2713; x_wconf 89' lang='lat' dir='ltr'>solvere</span> <span class='ocrx_word' id='word_1_172' title='bbox 1562 2631 1767 2727; x_wconf 77' lang='lat' dir='ltr'>asserebat,</span> <span class='ocrx_word' id='word_1_173' title='bbox 1795 2657 1934 2710; x_wconf 86' lang='lat' dir='ltr'>necnon</span> <span class='ocrx_word' id='word_1_174' title='bbox 1952 2642 1991 2711; x_wconf 91' lang='lat' dir='ltr'>et</span> <span class='ocrx_word' id='word_1_175' title='bbox 2010 2629 2092 2711; x_wconf 83' lang='lat' dir='ltr'>aliis</span> 
     </span>
     <span class='ocr_line' id='line_1_19' title="bbox 397 2731 2163 2842; baseline -0.003 -26"><span class='ocrx_word' id='word_1_176' title='bbox 397 2740 555 2842; x_wconf 71' lang='lat' dir='ltr'>injuriis,</span> <span class='ocrx_word' id='word_1_177' title='bbox 578 2737 768 2832; x_wconf 78' lang='lat' dir='ltr'>violenciis</span> <span class='ocrx_word' id='word_1_178' title='bbox 786 2748 824 2816; x_wconf 89' lang='lat' dir='ltr'>et</span> <span class='ocrx_word' id='word_1_179' title='bbox 847 2737 1016 2832; x_wconf 80' lang='lat' dir='ltr'>offensis,</span> <span class='ocrx_word' id='word_1_180' title='bbox 1043 2763 1134 2840; x_wconf 87' lang='lat' dir='ltr'>quas</span> <span class='ocrx_word' id='word_1_181' title='bbox 1157 2749 1282 2842; x_wconf 84' lang='lat' dir='ltr'>partes</span> <span class='ocrx_word' id='word_1_182' title='bbox 1298 2733 1484 2816; x_wconf 81' lang='lat' dir='ltr'>hincinde</span> <span class='ocrx_word' id='word_1_183' title='bbox 1500 2735 1742 2814; x_wconf 86' lang='lat' dir='ltr'>intervenisse</span> <span class='ocrx_word' id='word_1_184' title='bbox 1759 2734 1940 2828; x_wconf 87' lang='lat' dir='ltr'>dicebaut,</span> <span class='ocrx_word' id='word_1_185' title='bbox 1964 2731 2092 2814; x_wconf 85' lang='lat' dir='ltr'>eedem</span> <span class='ocrx_word' id='word_1_186' title='bbox 2159 2765 2163 2772; x_wconf 92' lang='lat'><strong>·</strong></span> 
     </span>
     <span class='ocr_line' id='line_1_20' title="bbox 398 2837 2092 2948; baseline -0.006 -24"><span class='ocrx_word' id='word_1_187' title='bbox 398 2857 523 2948; x_wconf 86' lang='lat' dir='ltr'>partes</span> <span class='ocrx_word' id='word_1_188' title='bbox 539 2843 574 2920; x_wconf 92' lang='lat' dir='ltr'>in</span> <span class='ocrx_word' id='word_1_189' title='bbox 592 2867 660 2920; x_wconf 86' lang='lat' dir='ltr'>uos</span> <span class='ocrx_word' id='word_1_190' title='bbox 677 2837 726 2918; x_wconf 92' lang='lat' dir='ltr'>de</span> <span class='ocrx_word' id='word_1_191' title='bbox 743 2838 819 2919; x_wconf 87' lang='lat' dir='ltr'>alto</span> <span class='ocrx_word' id='word_1_192' title='bbox 843 2852 881 2919; x_wconf 92' lang='lat' dir='ltr'>et</span> <span class='ocrx_word' id='word_1_193' title='bbox 906 2843 1018 2921; x_wconf 86' lang='lat' dir='ltr'>basso</span> <span class='ocrx_word' id='word_1_194' title='bbox 1044 2839 1358 2944; x_wconf 74' lang='lat' dir='ltr'>compromiserunt</span> <span class='ocrx_word' id='word_1_195' title='bbox 1375 2863 1575 2941; x_wconf 83' lang='lat' dir='ltr'>expresse,</span> <span class='ocrx_word' id='word_1_196' title='bbox 1608 2851 1731 2922; x_wconf 86' lang='lat' dir='ltr'>nostre</span> <span class='ocrx_word' id='word_1_197' title='bbox 1753 2837 2003 2940; x_wconf 87' lang='lat' dir='ltr'>jurisdicioui,</span> <span class='ocrx_word' id='word_1_198' title='bbox 2030 2847 2092 2914; x_wconf 51' lang='lat' dir='ltr'>arz</span> 
     </span>
     <span class='ocr_line' id='line_1_21' title="bbox 400 2941 2092 3048; baseline -0.005 -22"><span class='ocrx_word' id='word_1_199' title='bbox 400 2949 523 3040; x_wconf 83' lang='lat' dir='ltr'>bitrio,</span> <span class='ocrx_word' id='word_1_200' title='bbox 547 2943 676 3038; x_wconf 77' lang='lat' dir='ltr'>laudo,</span> <span class='ocrx_word' id='word_1_201' title='bbox 705 2944 981 3048; x_wconf 72' lang='lat' dir='ltr'>composicioni,</span> <span class='ocrx_word' id='word_1_202' title='bbox 1006 2943 1257 3024; x_wconf 87' lang='lat' dir='ltr'>relorruacioni</span> <span class='ocrx_word' id='word_1_203' title='bbox 1281 2957 1389 3046; x_wconf 90' lang='lat' dir='ltr'>atque</span> <span class='ocrx_word' id='word_1_204' title='bbox 1412 2941 1581 3022; x_wconf 82' lang='lat' dir='ltr'>mandato</span> <span class='ocrx_word' id='word_1_205' title='bbox 1599 2969 1643 3022; x_wconf 87' lang='lat' dir='ltr'>se</span> <span class='ocrx_word' id='word_1_206' title='bbox 1660 2941 1823 3024; x_wconf 88' lang='lat' dir='ltr'>scienter</span> <span class='ocrx_word' id='word_1_207' title='bbox 1845 2957 1882 3020; x_wconf 89' lang='lat' dir='ltr'>et</span> <span class='ocrx_word' id='word_1_208' title='bbox 1899 2953 2027 3046; x_wconf 89' lang='lat' dir='ltr'>sponte</span> <span class='ocrx_word' id='word_1_209' title='bbox 2044 2967 2092 3020; x_wconf 82' lang='lat' dir='ltr'>ac</span> 
     </span>
     <span class='ocr_line' id='line_1_22' title="bbox 398 3043 2092 3152; baseline -0.004 -23"><span class='ocrx_word' id='word_1_210' title='bbox 398 3049 598 3131; x_wconf 87' lang='lat' dir='ltr'>voluntarie</span> <span class='ocrx_word' id='word_1_211' title='bbox 616 3049 894 3151; x_wconf 70' lang='lat' dir='ltr'>mrtrmtemes,</span> <span class='ocrx_word' id='word_1_212' title='bbox 908 3059 947 3127; x_wconf 89' lang='lat' dir='ltr'>ut</span> <span class='ocrx_word' id='word_1_213' title='bbox 969 3047 1042 3129; x_wconf 89' lang='lat' dir='ltr'>bec</span> <span class='ocrx_word' id='word_1_214' title='bbox 1060 3047 1178 3129; x_wconf 81' lang='lat' dir='ltr'>onrrritt</span> <span class='ocrx_word' id='word_1_215' title='bbox 1204 3059 1241 3128; x_wconf 90' lang='lat' dir='ltr'>et</span> <span class='ocrx_word' id='word_1_216' title='bbox 1264 3047 1416 3152; x_wconf 79' lang='lat' dir='ltr'>quedam</span> <span class='ocrx_word' id='word_1_217' title='bbox 1434 3045 1508 3129; x_wconf 83' lang='lat' dir='ltr'>alia</span> <span class='ocrx_word' id='word_1_218' title='bbox 1530 3045 1567 3124; x_wconf 92' lang='lat' dir='ltr'>irr</span> <span class='ocrx_word' id='word_1_219' title='bbox 1583 3047 1815 3126; x_wconf 88' lang='lat' dir='ltr'>instrumento</span> <span class='ocrx_word' id='word_1_220' title='bbox 1834 3043 2092 3150; x_wconf 87' lang='lat' dir='ltr'>compromissi,</span> 
     </span>
     <span class='ocr_line' id='line_1_23' title="bbox 398 3147 2093 3256; baseline -0.003 -22"><span class='ocrx_word' id='word_1_221' title='bbox 398 3153 498 3239; x_wconf 85' lang='lat' dir='ltr'>factu</span> <span class='ocrx_word' id='word_1_222' title='bbox 522 3179 626 3232; x_wconf 85' lang='lat' dir='ltr'>uranu</span> <span class='ocrx_word' id='word_1_223' title='bbox 651 3151 869 3256; x_wconf 77' lang='lat' dir='ltr'>innascripn·</span> <span class='ocrx_word' id='word_1_224' title='bbox 894 3151 1021 3233; x_wconf 78' lang='lat' dir='ltr'>notarii</span> <span class='ocrx_word' id='word_1_225' title='bbox 1043 3151 1114 3232; x_wconf 87' lang='lat' dir='ltr'>huc</span> <span class='ocrx_word' id='word_1_226' title='bbox 1140 3151 1269 3234; x_wconf 90' lang='lat' dir='ltr'>eodem</span> <span class='ocrx_word' id='word_1_227' title='bbox 1294 3177 1386 3230; x_wconf 87' lang='lat' dir='ltr'>auno</span> <span class='ocrx_word' id='word_1_228' title='bbox 1406 3163 1449 3228; x_wconf 90' lang='lat' dir='ltr'>et</span> <span class='ocrx_word' id='word_1_229' title='bbox 1472 3149 1672 3244; x_wconf 86' lang='lat' dir='ltr'>indicione,</span> <span class='ocrx_word' id='word_1_230' title='bbox 1699 3147 1760 3231; x_wconf 86' lang='lat' dir='ltr'>die</span> <span class='ocrx_word' id='word_1_231' title='bbox 1785 3161 1916 3232; x_wconf 87' lang='lat' dir='ltr'>octavo</span> <span class='ocrx_word' id='word_1_232' title='bbox 1939 3151 2093 3230; x_wconf 78' lang='lat' dir='ltr'>intrmrto</span> 
     </span>
    </p>
   </div>
   <div class='ocr_carea' id='block_1_6' title="bbox 400 3251 2095 3431">
    <p class='ocr_par' dir='ltr' id='par_1_6' title="bbox 400 3251 2095 3431">
     <span class='ocr_line' id='line_1_24' title="bbox 400 3251 2095 3431; baseline -0.006 -91"><span class='ocrx_word' id='word_1_233' title='bbox 400 3259 600 3340; x_wconf 76' lang='lat' dir='ltr'>Februario</span> <span class='ocrx_word' id='word_1_234' title='bbox 618 3257 760 3360; x_wconf 86' lang='lat' dir='ltr'>plenius</span> <span class='ocrx_word' id='word_1_235' title='bbox 778 3267 816 3333; x_wconf 92' lang='lat' dir='ltr'>et</span> <span class='ocrx_word' id='word_1_236' title='bbox 833 3255 1048 3360; x_wconf 81' lang='lat' dir='ltr'>expressius</span> <span class='ocrx_word' id='word_1_237' title='bbox 1066 3257 1345 3351; x_wconf 69' lang='lat' dir='ltr'>commemoro,</span> <span class='ocrx_word' id='word_1_238' title='bbox 1381 3251 1514 3335; x_wconf 85' lang='lat' dir='ltr'>auditis</span> <span class='ocrx_word' id='word_1_239' title='bbox 1533 3268 1571 3334; x_wconf 92' lang='lat' dir='ltr'>et</span> <span class='ocrx_word' id='word_1_240' title='bbox 1585 3253 1783 3333; x_wconf 86' lang='lat' dir='ltr'>intellectis</span> <span class='ocrx_word' id='word_1_241' title='bbox 1800 3280 1880 3333; x_wconf 90' lang='lat' dir='ltr'>cum</span> <span class='ocrx_word' id='word_1_242' title='bbox 1897 3251 2095 3431; x_wconf 61' lang='lat' dir='ltr'>dilppenda</span> 
     </span>
    </p>
   </div>
   <div class='ocr_carea' id='block_1_7' title="bbox 301 3353 2094 4702">
    <p class='ocr_par' dir='ltr' id='par_1_7' title="bbox 399 3353 2093 3873">
     <span class='ocr_line' id='line_1_25' title="bbox 399 3353 2092 3462; baseline -0.004 -21"><span class='ocrx_word' id='word_1_243' title='bbox 399 3362 645 3462; x_wconf 84' lang='lat' dir='ltr'>questionibus</span> <span class='ocrx_word' id='word_1_244' title='bbox 663 3373 700 3438; x_wconf 89' lang='lat' dir='ltr'>et</span> <span class='ocrx_word' id='word_1_245' title='bbox 717 3353 912 3438; x_wconf 85' lang='lat' dir='ltr'>discordiis</span> <span class='ocrx_word' id='word_1_246' title='bbox 927 3385 976 3436; x_wconf 84' lang='lat' dir='ltr'>ac</span> <span class='ocrx_word' id='word_1_247' title='bbox 994 3357 1077 3436; x_wconf 87' lang='lat' dir='ltr'>aliis</span> <span class='ocrx_word' id='word_1_248' title='bbox 1094 3353 1315 3459; x_wconf 89' lang='lat' dir='ltr'>supradictis</span> <span class='ocrx_word' id='word_1_249' title='bbox 1333 3371 1370 3436; x_wconf 93' lang='lat' dir='ltr'>et</span> <span class='ocrx_word' id='word_1_250' title='bbox 1386 3356 1570 3436; x_wconf 86' lang='lat' dir='ltr'>nobiscum</span> <span class='ocrx_word' id='word_1_251' title='bbox 1595 3384 1705 3459; x_wconf 89' lang='lat' dir='ltr'>super</span> <span class='ocrx_word' id='word_1_252' title='bbox 1722 3357 1792 3434; x_wconf 86' lang='lat' dir='ltr'>hiis</span> <span class='ocrx_word' id='word_1_253' title='bbox 1808 3355 1933 3434; x_wconf 88' lang='lat' dir='ltr'>habita</span> <span class='ocrx_word' id='word_1_254' title='bbox 1976 3355 2092 3436; x_wconf 88' lang='lat' dir='ltr'>elibe-</span> 
     </span>
     <span class='ocr_line' id='line_1_26' title="bbox 400 3455 2093 3564; baseline -0.005 -18"><span class='ocrx_word' id='word_1_255' title='bbox 400 3463 725 3551; x_wconf 66' lang='lat' dir='ltr'>tucionensem,</span> <span class='ocrx_word' id='word_1_256' title='bbox 758 3461 844 3538; x_wconf 85' lang='lat' dir='ltr'>Ircti</span> <span class='ocrx_word' id='word_1_257' title='bbox 867 3461 1081 3540; x_wconf 84' lang='lat' dir='ltr'>auctoritate</span> <span class='ocrx_word' id='word_1_258' title='bbox 1108 3473 1146 3538; x_wconf 90' lang='lat' dir='ltr'>ct</span> <span class='ocrx_word' id='word_1_259' title='bbox 1170 3473 1351 3564; x_wconf 88' lang='lat' dir='ltr'>potestate</span> <span class='ocrx_word' id='word_1_260' title='bbox 1375 3455 1579 3564; x_wconf 79' lang='lat' dir='ltr'>hujusmodi</span> <span class='ocrx_word' id='word_1_261' title='bbox 1604 3461 1852 3540; x_wconf 87' lang='lat' dir='ltr'>submissionis</span> <span class='ocrx_word' id='word_1_262' title='bbox 1877 3474 1914 3538; x_wconf 91' lang='lat' dir='ltr'>et</span> <span class='ocrx_word' id='word_1_263' title='bbox 1938 3484 2093 3564; x_wconf 89' lang='lat' dir='ltr'>conpro-</span> 
     </span>
     <span class='ocr_line' id='line_1_27' title="bbox 400 3559 2093 3666; baseline -0.002 -23"><span class='ocrx_word' id='word_1_264' title='bbox 400 3565 520 3656; x_wconf 82' lang='lat' dir='ltr'>missi,</span> <span class='ocrx_word' id='word_1_265' title='bbox 548 3563 609 3642; x_wconf 91' lang='lat' dir='ltr'>dei</span> <span class='ocrx_word' id='word_1_266' title='bbox 633 3565 772 3642; x_wconf 90' lang='lat' dir='ltr'>nomine</span> <span class='ocrx_word' id='word_1_267' title='bbox 797 3565 983 3656; x_wconf 85' lang='lat' dir='ltr'>invocato,</span> <span class='ocrx_word' id='word_1_268' title='bbox 1010 3576 1167 3643; x_wconf 87' lang='lat' dir='ltr'>uostmm</span> <span class='ocrx_word' id='word_1_269' title='bbox 1193 3565 1399 3657; x_wconf 81' lang='lat' dir='ltr'>arbitrium,</span> <span class='ocrx_word' id='word_1_270' title='bbox 1422 3559 1585 3658; x_wconf 90' lang='lat' dir='ltr'>laudum,</span> <span class='ocrx_word' id='word_1_271' title='bbox 1613 3563 1897 3660; x_wconf 88' lang='lat' dir='ltr'>ordinacionem,</span> <span class='ocrx_word' id='word_1_272' title='bbox 1932 3559 2093 3666; x_wconf 86' lang='lat' dir='ltr'>disposi-</span> 
     </span>
     <span class='ocr_line' id='line_1_28' title="bbox 400 3663 2093 3775; baseline -0.004 -27"><span class='ocrx_word' id='word_1_273' title='bbox 400 3671 539 3775; x_wconf 84' lang='lat' dir='ltr'>cionem</span> <span class='ocrx_word' id='word_1_274' title='bbox 557 3694 624 3768; x_wconf 80' lang='lat' dir='ltr'>seu</span> <span class='ocrx_word' id='word_1_275' title='bbox 642 3665 844 3749; x_wconf 83' lang='lat' dir='ltr'>mandatum</span> <span class='ocrx_word' id='word_1_276' title='bbox 861 3693 972 3770; x_wconf 89' lang='lat' dir='ltr'>super</span> <span class='ocrx_word' id='word_1_277' title='bbox 988 3667 1252 3770; x_wconf 83' lang='lat' dir='ltr'>questionibus,</span> <span class='ocrx_word' id='word_1_278' title='bbox 1278 3667 1400 3749; x_wconf 90' lang='lat' dir='ltr'>litibus</span> <span class='ocrx_word' id='word_1_279' title='bbox 1424 3681 1533 3772; x_wconf 84' lang='lat' dir='ltr'>atque</span> <span class='ocrx_word' id='word_1_280' title='bbox 1558 3665 1753 3749; x_wconf 83' lang='lat' dir='ltr'>discordiis</span> <span class='ocrx_word' id='word_1_281' title='bbox 1776 3667 1812 3746; x_wconf 88' lang='lat' dir='ltr'>iu</span> <span class='ocrx_word' id='word_1_282' title='bbox 1836 3667 1931 3755; x_wconf 83' lang='lat' dir='ltr'>hunc</span> <span class='ocrx_word' id='word_1_283' title='bbox 1954 3663 2093 3748; x_wconf 90' lang='lat' dir='ltr'>mudum</span> 
     </span>
     <span class='ocr_line' id='line_1_29' title="bbox 400 3750 1931 3873; baseline -0.005 -21"><span class='ocrx_word' id='word_1_284' title='bbox 400 3771 568 3863; x_wconf 79' lang='lat' dir='ltr'>drutirnus</span> <span class='ocrx_word' id='word_1_285' title='bbox 584 3750 847 3873; x_wconf 80' lang='lat' dir='ltr'>proferendum.</span> <span class='ocrx_word' id='word_1_286' title='bbox 1559 3764 1571 3861; x_wconf 43' lang='lat'>⁴,</span> <span class='ocrx_word' id='word_1_287' title='bbox 1708 3845 1712 3852; x_wconf 79' lang='grc'><strong>,</strong></span> <span class='ocrx_word' id='word_1_288' title='bbox 1928 3813 1931 3820; x_wconf 90' lang='grc'><strong>-</strong></span> 
     </span>
    </p>

    <p class='ocr_par' dir='ltr' id='par_1_8' title="bbox 301 3869 2094 4292">
     <span class='ocr_line' id='line_1_30' title="bbox 301 3869 2094 3982; baseline -0.006 -24"><span class='ocrx_word' id='word_1_289' title='bbox 301 3903 329 3972; x_wconf 76' lang='lat' dir='ltr'>q</span> <span class='ocrx_word' id='word_1_290' title='bbox 344 3903 384 3970; x_wconf 78' lang='lat' dir='ltr'>r.)</span> <span class='ocrx_word' id='word_1_291' title='bbox 503 3875 545 3954; x_wconf 92' lang='lat' dir='ltr'>lu</span> <span class='ocrx_word' id='word_1_292' title='bbox 559 3875 683 3978; x_wconf 87' lang='lat' dir='ltr'>primis</span> <span class='ocrx_word' id='word_1_293' title='bbox 700 3873 919 3968; x_wconf 89' lang='lat' dir='ltr'>arbitramur,</span> <span class='ocrx_word' id='word_1_294' title='bbox 945 3871 1231 3975; x_wconf 87' lang='lat' dir='ltr'>pronunciamus,</span> <span class='ocrx_word' id='word_1_295' title='bbox 1258 3869 1473 3972; x_wconf 85' lang='lat' dir='ltr'>ordinamus,</span> <span class='ocrx_word' id='word_1_296' title='bbox 1499 3875 1708 3968; x_wconf 73' lang='lat' dir='ltr'>statuimus,</span> <span class='ocrx_word' id='word_1_297' title='bbox 1736 3871 1962 3953; x_wconf 87' lang='lat' dir='ltr'>decernimus</span> <span class='ocrx_word' id='word_1_298' title='bbox 1985 3885 2094 3982; x_wconf 87' lang='lat' dir='ltr'>atque</span> 
     </span>
     <span class='ocr_line' id='line_1_31' title="bbox 400 3973 2093 4082; baseline 0.001 -30"><span class='ocrx_word' id='word_1_299' title='bbox 400 3977 630 4071; x_wconf 72' lang='lat' dir='ltr'>mundamus,</span> <span class='ocrx_word' id='word_1_300' title='bbox 657 3973 899 4059; x_wconf 76' lang='lat' dir='ltr'>venerabilem</span> <span class='ocrx_word' id='word_1_301' title='bbox 927 3988 1063 4080; x_wconf 89' lang='lat' dir='ltr'>patrem</span> <span class='ocrx_word' id='word_1_302' title='bbox 1097 3977 1319 4082; x_wconf 89' lang='lat' dir='ltr'>episcopum,</span> <span class='ocrx_word' id='word_1_303' title='bbox 1352 3977 1543 4080; x_wconf 87' lang='lat' dir='ltr'>capitulum</span> <span class='ocrx_word' id='word_1_304' title='bbox 1569 3992 1607 4056; x_wconf 92' lang='lat' dir='ltr'>et</span> <span class='ocrx_word' id='word_1_305' title='bbox 1633 3977 1833 4058; x_wconf 87' lang='lat' dir='ltr'>ecclesiam</span> <span class='ocrx_word' id='word_1_306' title='bbox 1862 3974 2093 4080; x_wconf 86' lang='lat' dir='ltr'>supradictos</span> 
     </span>
     <span class='ocr_line' id='line_1_32' title="bbox 400 4077 2093 4186; baseline -0.002 -27"><span class='ocrx_word' id='word_1_307' title='bbox 400 4111 538 4173; x_wconf 81' lang='lat' dir='ltr'>necnon</span> <span class='ocrx_word' id='word_1_308' title='bbox 551 4084 747 4175; x_wconf 83' lang='lat' dir='ltr'>civitates,</span> <span class='ocrx_word' id='word_1_309' title='bbox 774 4091 915 4172; x_wconf 82' lang='lat' dir='ltr'>castra,</span> <span class='ocrx_word' id='word_1_310' title='bbox 941 4091 1077 4176; x_wconf 90' lang='lat' dir='ltr'>terras,</span> <span class='ocrx_word' id='word_1_311' title='bbox 1104 4081 1212 4160; x_wconf 86' lang='lat' dir='ltr'>villas</span> <span class='ocrx_word' id='word_1_312' title='bbox 1231 4107 1421 4186; x_wconf 89' lang='lat' dir='ltr'>eorumque</span> <span class='ocrx_word' id='word_1_313' title='bbox 1439 4077 1625 4160; x_wconf 88' lang='lat' dir='ltr'>districtus</span> <span class='ocrx_word' id='word_1_314' title='bbox 1643 4107 1690 4160; x_wconf 86' lang='lat' dir='ltr'>ac</span> <span class='ocrx_word' id='word_1_315' title='bbox 1707 4081 1868 4158; x_wconf 89' lang='lat' dir='ltr'>homines</span> <span class='ocrx_word' id='word_1_316' title='bbox 1894 4080 2009 4182; x_wconf 90' lang='lat' dir='ltr'>ipsius</span> <span class='ocrx_word' id='word_1_317' title='bbox 2027 4105 2093 4157; x_wconf 89' lang='lat' dir='ltr'>ec-</span> 
     </span>
     <span class='ocr_line' id='line_1_33' title="bbox 402 4183 2094 4292; baseline -0.005 -23"><span class='ocrx_word' id='word_1_318' title='bbox 402 4189 527 4283; x_wconf 68' lang='lat' dir='ltr'>desis</span> <span class='ocrx_word' id='word_1_319' title='bbox 543 4187 682 4272; x_wconf 88' lang='lat' dir='ltr'>debere</span> <span class='ocrx_word' id='word_1_320' title='bbox 703 4211 750 4264; x_wconf 84' lang='lat' dir='ltr'>ac</span> <span class='ocrx_word' id='word_1_321' title='bbox 776 4210 864 4263; x_wconf 86' lang='lat' dir='ltr'>esse</span> <span class='ocrx_word' id='word_1_322' title='bbox 887 4183 1065 4278; x_wconf 86' lang='lat' dir='ltr'>inmunes,</span> <span class='ocrx_word' id='word_1_323' title='bbox 1090 4184 1225 4262; x_wconf 90' lang='lat' dir='ltr'>liberos</span> <span class='ocrx_word' id='word_1_324' title='bbox 1249 4197 1288 4264; x_wconf 92' lang='lat' dir='ltr'>et</span> <span class='ocrx_word' id='word_1_325' title='bbox 1310 4198 1500 4292; x_wconf 84' lang='lat' dir='ltr'>exemptos</span> <span class='ocrx_word' id='word_1_326' title='bbox 1517 4187 1569 4280; x_wconf 60' lang='lat' dir='ltr'>ab,</span> <span class='ocrx_word' id='word_1_327' title='bbox 1583 4187 1743 4265; x_wconf 89' lang='lat' dir='ltr'>omnibus</span> <span class='ocrx_word' id='word_1_328' title='bbox 1761 4183 1948 4278; x_wconf 91' lang='lat' dir='ltr'>collectis,</span> <span class='ocrx_word' id='word_1_329' title='bbox 1975 4207 2094 4260; x_wconf 86' lang='lat' dir='ltr'>exac-</span> 
     </span>
    </p>

    <p class='ocr_par' dir='ltr' id='par_1_9' title="bbox 324 4282 2094 4702">
     <span class='ocr_line' id='line_1_34' title="bbox 324 4282 2092 4392; baseline -0.005 -22"><span class='ocrx_word' id='word_1_330' title='bbox 324 4350 328 4356; x_wconf 87' lang='lat'>-</span> <span class='ocrx_word' id='word_1_331' title='bbox 402 4292 580 4384; x_wconf 78' lang='lat' dir='ltr'>cicuitus,</span> <span class='ocrx_word' id='word_1_332' title='bbox 606 4289 827 4383; x_wconf 89' lang='lat' dir='ltr'>muneribus,</span> <span class='ocrx_word' id='word_1_333' title='bbox 854 4287 1039 4382; x_wconf 81' lang='lat' dir='ltr'>oneribus,</span> <span class='ocrx_word' id='word_1_334' title='bbox 1067 4289 1309 4392; x_wconf 74' lang='lat' dir='ltr'>siccioribus,</span> <span class='ocrx_word' id='word_1_335' title='bbox 1336 4289 1586 4387; x_wconf 85' lang='lat' dir='ltr'>servitutibus,</span> <span class='ocrx_word' id='word_1_336' title='bbox 1612 4282 1911 4390; x_wconf 66' lang='lat' dir='ltr'>jurisdicionibus</span> <span class='ocrx_word' id='word_1_337' title='bbox 1943 4288 2092 4388; x_wconf 82' lang='lat' dir='ltr'>quibus·</span> 
     </span>
     <span class='ocr_line' id='line_1_35' title="bbox 402 4389 2094 4496; baseline -0.002 -27"><span class='ocrx_word' id='word_1_338' title='bbox 402 4416 552 4492; x_wconf 80' lang='lat' dir='ltr'>cuqque,</span> <span class='ocrx_word' id='word_1_339' title='bbox 579 4391 823 4494; x_wconf 73' lang='lat' dir='ltr'>descensibus</span> <span class='ocrx_word' id='word_1_340' title='bbox 840 4393 1073 4484; x_wconf 72' lang='lat' dir='ltr'>delenisse</span> <span class='ocrx_word' id='word_1_341' title='bbox 1089 4389 1174 4470; x_wconf 86' lang='lat' dir='ltr'>aliis</span> <span class='ocrx_word' id='word_1_342' title='bbox 1193 4389 1408 4494; x_wconf 85' lang='lat' dir='ltr'>quibuslibet</span> <span class='ocrx_word' id='word_1_343' title='bbox 1424 4391 1701 4496; x_wconf 71' lang='lat' dir='ltr'>gravaminibus,</span> <span class='ocrx_word' id='word_1_344' title='bbox 1728 4415 1937 4496; x_wconf 80' lang='lat' dir='ltr'>quocumque</span> <span class='ocrx_word' id='word_1_345' title='bbox 1955 4391 2094 4468; x_wconf 79' lang='lat' dir='ltr'>semiue</span> 
     </span>
     <span class='ocr_line' id='line_1_36' title="bbox 403 4489 2094 4598; baseline -0.001 -24"><span class='ocrx_word' id='word_1_346' title='bbox 403 4507 620 4594; x_wconf 84' lang='lat' dir='ltr'>censeantur</span> <span class='ocrx_word' id='word_1_347' title='bbox 644 4493 750 4575; x_wconf 89' lang='lat' dir='ltr'>ducis</span> <span class='ocrx_word' id='word_1_348' title='bbox 775 4493 925 4596; x_wconf 85' lang='lat' dir='ltr'>prelati,</span> <span class='ocrx_word' id='word_1_349' title='bbox 956 4495 1131 4598; x_wconf 86' lang='lat' dir='ltr'>ipsosque</span> <span class='ocrx_word' id='word_1_350' title='bbox 1152 4493 1374 4576; x_wconf 87' lang='lat' dir='ltr'>absolvimus</span> <span class='ocrx_word' id='word_1_351' title='bbox 1403 4510 1440 4576; x_wconf 93' lang='lat' dir='ltr'>et</span> <span class='ocrx_word' id='word_1_352' title='bbox 1470 4497 1658 4580; x_wconf 86' lang='lat' dir='ltr'>absolutos</span> <span class='ocrx_word' id='word_1_353' title='bbox 1681 4521 1771 4576; x_wconf 87' lang='lat' dir='ltr'>esse</span> <span class='ocrx_word' id='word_1_354' title='bbox 1796 4489 2023 4574; x_wconf 84' lang='lat' dir='ltr'>decernimus</span> <span class='ocrx_word' id='word_1_355' title='bbox 2047 4493 2094 4572; x_wconf 87' lang='lat' dir='ltr'>ab</span> 
     </span>
     <span class='ocr_line' id='line_1_37' title="bbox 402 4594 2094 4702; baseline -0.001 -27"><span class='ocrx_word' id='word_1_356' title='bbox 402 4595 565 4696; x_wconf 83' lang='lat' dir='ltr'>omnibus</span> <span class='ocrx_word' id='word_1_357' title='bbox 580 4597 819 4702; x_wconf 77' lang='lat' dir='ltr'>supradictis,</span> <span class='ocrx_word' id='word_1_358' title='bbox 844 4622 914 4675; x_wconf 87' lang='lat' dir='ltr'>noc</span> <span class='ocrx_word' id='word_1_359' title='bbox 929 4597 1003 4700; x_wconf 88' lang='lat' dir='ltr'>ipsi</span> <span class='ocrx_word' id='word_1_360' title='bbox 1019 4597 1105 4678; x_wconf 89' lang='lat' dir='ltr'>duci</span> <span class='ocrx_word' id='word_1_361' title='bbox 1122 4612 1184 4678; x_wconf 80' lang='lat' dir='ltr'>aut</span> <span class='ocrx_word' id='word_1_362' title='bbox 1199 4594 1396 4678; x_wconf 83' lang='lat' dir='ltr'>heredibus</span> <span class='ocrx_word' id='word_1_363' title='bbox 1423 4601 1484 4683; x_wconf 89' lang='lat' dir='ltr'>vel</span> <span class='ocrx_word' id='word_1_364' title='bbox 1500 4601 1778 4682; x_wconf 88' lang='lat' dir='ltr'>successoribus</span> <span class='ocrx_word' id='word_1_365' title='bbox 1802 4597 1881 4676; x_wconf 89' lang='lat' dir='ltr'>suis</span> <span class='ocrx_word' id='word_1_366' title='bbox 1898 4597 2015 4677; x_wconf 89' lang='lat' dir='ltr'>terreri</span> <span class='ocrx_word' id='word_1_367' title='bbox 2031 4608 2094 4674; x_wconf 83' lang='lat' dir='ltr'>eut</span> 
     </span>
    </p>
   </div>
   <div class='ocr_carea' id='block_1_8' title="bbox 402 4690 2094 4806">
    <p class='ocr_par' dir='ltr' id='par_1_10' title="bbox 402 4690 2094 4806">
     <span class='ocr_line' id='line_1_38' title="bbox 402 4690 2094 4806; baseline -0.005 -22"><span class='ocrx_word' id='word_1_368' title='bbox 402 4699 539 4800; x_wconf 74' lang='lat' dir='ltr'>debere</span> <span class='ocrx_word' id='word_1_369' title='bbox 559 4699 596 4799; x_wconf 79' lang='lat' dir='ltr'>iu</span> <span class='ocrx_word' id='word_1_370' title='bbox 619 4696 794 4802; x_wconf 81' lang='lat' dir='ltr'>predictis</span> <span class='ocrx_word' id='word_1_371' title='bbox 817 4701 878 4781; x_wconf 91' lang='lat' dir='ltr'>vel</span> <span class='ocrx_word' id='word_1_372' title='bbox 903 4725 1023 4804; x_wconf 80' lang='lat' dir='ltr'>eorum</span> <span class='ocrx_word' id='word_1_373' title='bbox 1045 4701 1165 4806; x_wconf 81' lang='lat' dir='ltr'>aliquo</span> <span class='ocrx_word' id='word_1_374' title='bbox 1189 4701 1430 4806; x_wconf 88' lang='lat' dir='ltr'>respondere,</span> <span class='ocrx_word' id='word_1_375' title='bbox 1455 4690 1574 4786; x_wconf 75' lang='lat' dir='ltr'>&#39;solvis</span> <span class='ocrx_word' id='word_1_376' title='bbox 1600 4716 1639 4786; x_wconf 90' lang='lat' dir='ltr'>et</span> <span class='ocrx_word' id='word_1_377' title='bbox 1655 4703 1853 4786; x_wconf 87' lang='lat' dir='ltr'>reservatis</span> <span class='ocrx_word' id='word_1_378' title='bbox 1871 4695 1990 4780; x_wconf 86' lang='lat' dir='ltr'>eidem</span> <span class='ocrx_word' id='word_1_379' title='bbox 2006 4697 2094 4778; x_wconf 92' lang='lat' dir='ltr'>duci</span> 
     </span>
    </p>
   </div>
   <div class='ocr_carea' id='block_1_9' title="bbox 403 4874 707 4903">
    <p class='ocr_par' dir='ltr' id='par_1_11' title="bbox 403 4874 707 4903">
     <span class='ocr_line' id='line_1_39' title="bbox 403 4874 707 4903; baseline -0.003 -9"><span class='ocrx_word' id='word_1_380' title='bbox 403 4874 707 4903; x_wconf 55' lang='grc' dir='ltr'>..μ--ρκω-οι</span> 
     </span>
    </p>
   </div>
   <div class='ocr_carea' id='block_1_10' title="bbox 446 4967 1362 5056">
    <p class='ocr_par' dir='ltr' id='par_1_12' title="bbox 446 4967 1362 5056">
     <span class='ocr_line' id='line_1_40' title="bbox 446 4967 1362 5056; baseline 0.001 -20"><span class='ocrx_word' id='word_1_381' title='bbox 446 4974 480 5056; x_wconf 87' lang='lat'>1)</span> <span class='ocrx_word' id='word_1_382' title='bbox 507 4970 540 5036; x_wconf 87' lang='lat' dir='ltr'>S.</span> <span class='ocrx_word' id='word_1_383' title='bbox 561 4969 613 5036; x_wconf 84' lang='lat' dir='ltr'>dic</span> <span class='ocrx_word' id='word_1_384' title='bbox 635 4967 716 5036; x_wconf 84' lang='lat' dir='ltr'>Urlr.</span> <span class='ocrx_word' id='word_1_385' title='bbox 737 4969 777 5034; x_wconf 82' lang='lat' dir='ltr'>N.</span> <span class='ocrx_word' id='word_1_386' title='bbox 799 4971 936 5036; x_wconf 86' lang='lat' dir='ltr'>LXVIII</span> <span class='ocrx_word' id='word_1_387' title='bbox 959 4993 1032 5038; x_wconf 88' lang='lat' dir='ltr'>vom</span> <span class='ocrx_word' id='word_1_388' title='bbox 1052 4971 1084 5038; x_wconf 84' lang='grc'>8.</span> <span class='ocrx_word' id='word_1_389' title='bbox 1106 4971 1247 5038; x_wconf 81' lang='lat' dir='ltr'>Febmtr·</span> <span class='ocrx_word' id='word_1_390' title='bbox 1270 4969 1362 5038; x_wconf 69' lang='lat'>1282.</span> 
     </span>
    </p>
   </div>
   <div class='ocr_carea' id='block_1_11' title="bbox 0 0 2327 5762">
    <p class='ocr_par' dir='ltr' id='par_1_13' title="bbox 0 0 2327 5762">
     <span class='ocr_line' id='line_1_41' title="bbox 0 0 2327 5762; baseline 0 0"><span class='ocrx_word' id='word_1_391' title='bbox 0 0 2327 5762; x_wconf 95' lang='lat' dir='ltr'> </span> 
     </span>
    </p>
   </div>
  </div>
 </body>
</html>
