4594 5774
57 4077 61 4082 ·
223 4041 400 4118 niensis
425 4038 604 4140 dyocesis
629 4038 793 4138 publicus
822 4040 996 4141 imperiali
1029 4039 1244 4116 ouctomtote
1275 4037 1452 4128 notoriis,
1482 4035 1658 4137 predictis
1688 4037 1850 4112 omuibus
1875 4047 1913 4112 et

786 505 1001 586 munros
1056 505 1335 586 commun.
1834 507 1912 596 did

222 715 278 792 sic
305 725 500 816 agerentur
523 739 595 792 uun
619 737 699 794 curn
723 713 922 815 prenotatis
948 713 1103 791 testibus
1161 741 1291 794 reseus
1322 715 1467 794 interlui
1498 739 1615 818 enque
1647 731 1798 820 regnos
1824 747 1914 802 oon·

222 819 427 922 scripsi-et
450 821 485 896 iu
512 820 607 896 bunc
637 817 785 894 formum
816 815 997 920 poblicum
1028 739 1159 917 record
1189 821 1295 921 signo
1328 831 1366 898 et
1392 820 1532 898 nomine
1561 823 1653 900 meis
1679 823 1797 902 nolitis
1824 851 1912 904 con·

222 923 364 1024 signori
390 924 426 998 in
453 922 686 1002 testimouium
713 921 862 998 omnium
887 922 1153 1024 premissorum.

904 1359 1237 1450 ocnxxxvl.

220 1552 548 1617 tremorum-ort
566 1554 639 1616 tter
659 1552 707 1614 tle
728 1551 872 1614 “tutelo
894 1551 1094 1630 remotus
1116 1553 1198 1616 elnon
1220 1553 1391 1616 Borotnorr
1413 1554 1465 1616 tor
1487 1553 1570 1616 eurr
1585 1555 1727 1618 tlmttkm
1748 1555 1839 1619 roeo
1861 1557 1912 1618 tor
1989 1499 2013 1510 Α.
2060 1500 2065 1511 Ι

748 1653 820 1716 leur
841 1654 952 1730 norror
972 1655 1085 1718 toltdr
1107 1669 1164 1718 ron
1184 1655 1387 1721 tubroltnttr.

631 1805 690 1856 Au
708 1807 767 1855 dem
784 1805 917 1871 originnle
933 1807 969 1860 ln
986 1805 1104 1857 Arubire
1120 1807 1169 1858 dn
1185 1807 1369 1870 ltomenpitrlr.
1403 1805 1439 1858 Y.
1456 1801 1498 1858 tr.

325 1939 366 2016 lu
393 1941 532 2016 nomine
558 1937 687 2016 domini
713 1964 828 2016 ornent.
881 1940 988 2014 Anno
1014 1941 1212 2016 nativitatis
1244 1938 1409 2040 ejusdem
1442 1939 1627 2018 millesimo
1659 1941 1912 2019 trecentesimo
1970 1958 2047 2030 loto,

108 2109 111 2114 .
221 2043 468 2145 sexagesimo,
494 2041 698 2121 indiccione
723 2041 831 2138 lllll,
859 2039 920 2120 die
946 2039 1064 2120 XXV
1089 2045 1225 2120 mensis
1249 2044 1430 2136 tannarii,
1458 2045 1548 2118 born
1571 2043 1684 2146 prima
1708 2045 1768 2122 vel
1796 2046 1911 2146 quusi,
1927 2027 2085 2084 ΜΨ·
2170 2117 2175 2122 .

221 2147 323 2227 circa
348 2148 490 2224 vulvum
515 2147 762 2224 Niseosem
786 2148 822 2222 in
849 2144 956 2246 opido
984 2147 1224 2240 Grotluow,
1251 2145 1286 2222 iu
1312 2147 1382 2222 mei
1406 2145 1533 2222 notarii
1559 2147 1692 2250 publici
1719 2143 1913 2252 subscripti

221 2261 259 2328 et
292 2249 436 2328 testium
468 2249 634 2326 inlrnscm'
662 2261 773 2325 torum
798 2249 992 2352 presencie
1018 2246 1200 2326 constituti
1226 2245 1376 2328 discreti
1402 2249 1468 2324 viri
1496 2306 1505 2324 .
1535 2305 1543 2324 .
1572 2251 1743 2326 consules
1771 2263 1808 2328 et
1834 2251 1913 2328 runi-

220 2355 379 2430 versitas
404 2353 503 2454 opidi
529 2278 906 2462 Grotduoniensis,
934 2377 1055 2430 corum
1081 2351 1347 2428 honorabilibus
1374 2364 1412 2428 et
1437 2350 1609 2432 discretis
1636 2353 1723 2430 viris
1749 2351 1913 2448 dominis,

221 2455 345 2532 Phili
383 2483 438 2560 po
464 2456 733 2534 Murescolli
761 2469 798 2532 et
824 2454 990 2532 (lttone
1017 2454 1065 2531 de
1091 2457 1269 2531 Brnnnn
1298 2456 1485 2532 canonicis
1510 2457 1912 2536 Wrntislnuiensi-

221 2559 301 2636 bus
361 2561 515 2638 olorosis
541 2559 767 2659 querimoniis
793 2560 985 2658 querelose
1011 2560 1274 2660 proponebant,
1301 2557 1397 2658 quod
1422 2558 1571 2636 illustris
1588 2561 1771 2664 princeps,
1798 2560 1913 2640 domi·

221 2688 292 2738 nus
315 2661 458 2740 Bolco
485 2659 561 2739 dux
587 2660 929 2740 Swidoicensis
956 2659 1096 2762 opidum
1125 2661 1346 2738 Grotlrow
1373 2688 1452 2738 cum
1479 2687 1546 2740 sno
1572 2665 1735 2742 exercitu
1762 2661 1913 2742 obside·

221 2778 288 2860 ret,
315 2766 471 2842 nonnulli
496 2765 544 2842 de
570 2763 726 2870 predicti
752 2764 857 2842 ducis
885 2765 1048 2843 exercitu
1075 2788 1154 2840 cnm
1179 2789 1309 2863 magno
1335 2763 1466 2866 impetu
1493 2767 1695 2843 involvam
1721 2769 1801 2846 sive
1829 2793 1913 2870 por·

219 2881 291 2957 torn
317 2869 791 2970 Monstirbergensem
819 2866 984 2968 ejusdem
1011 2865 1109 2970 opidi
1124 2869 1297 2944 irruerunt
1315 2880 1352 2946 et
1370 2867 1545 2968 quendam
1568 2869 1758 2972 opidanum
1784 2871 1913 2948 Grot-

221 2970 483 3050 lrnuiensem
509 2973 723 3074 arripientes
749 2974 864 3074 ipsum
890 2971 1047 3048 letaliter
1071 2969 1310 3062 wlnernbont,
1337 2971 1389 3046 ite
1414 2969 1510 3070 quod
1536 2973 1731 3050 seodvivus
1758 2973 1806 3048 ad
1833 2975 1913 3076 opi-

222 3072 306 3152 dum
329 3074 529 3178 prediotum
555 3073 754 3156 ducebatur
779 3073 1028 3176 dixemntque,
1054 3071 1186 3152 nullom
1212 3098 1301 3152 esse
1327 3099 1429 3175 spem
1455 3071 1505 3151 de
1531 3100 1601 3152 suo
1623 3075 1711 3150 vito
1756 3077 1816 3152 De
1843 3102 1913 3178 que

221 3175 362 3280 quidem
389 3177 581 3256 manifesta
612 3176 753 3256 lesione
781 3189 818 3254 et
844 3177 995 3272 offenso,
1021 3176 1177 3280 predicti
1203 3171 1333 3254 domiui
1361 3177 1527 3255 cononici
1552 3203 1576 3254 n
1600 3203 1658 3255 me
1684 3179 1821 3254 uomrio
1844 3205 1912 3279 pu-

220 3281 317 3360 blico
341 3283 413 3359 boc
438 3289 594 3384 presens
621 3283 678 3358 eis
703 3281 780 3368 lieri
812 3282 999 3383 pecierunt
1029 3281 1207 3384 publicum
1240 3281 1515 3358 instrumentum.
1594 3283 1694 3358 Acte
1727 3291 1810 3357 sunt
1841 3281 1913 3382 bec

221 3411 334 3478 nunno,
360 3383 582 3475 indiccione,
609 3383 681 3476 die,
708 3408 851 3476 meuse,
877 3383 968 3461 born
993 3395 1031 3462 et
1054 3383 1138 3462 loco
1164 3383 1291 3484 quibus
1318 3409 1439 3486 supro,
1465 3383 1694 3486 presentibus
1719 3383 1912 3472 bonornbi-

220 3489 315 3566 libus
338 3489 426 3564 viris
451 3495 489 3565 et
511 3487 682 3564 discretis
700 3485 864 3581 dominis,
889 3488 1080 3564 derceio
1098 3486 1147 3564 de
1164 3487 1383 3587 Pogrcllu
1399 3487 1520 3580 milite,
1537 3488 1564 3564 J
1571 3489 1745 3564 ohanne
1762 3486 1911 3564 Adro-

222 3594 314 3672 cuti
343 3592 540 3694 capitaneo¹
560 3589 767 3684 Nisensi‚
795 3587 1035 3690 Segbnrdo
1062 3587 1308 3681 Prseohcd‚
1334 3589 1910 3684 JohouneGrueblrcwiou,

221 3695 530 3800 lleynczocne
557 3692 605 3772 de
631 3693 1028 3792 Biscbolswolde,
1054 3693 1261 3774 Jolnonne
1287 3695 1452 3772 Berow
1478 3705 1516 3772 et
1532 3695 1779 3787 lilioulczu‚
1804 3695 1911 3772 testi-

221 3801 291 3878 bus
316 3796 366 3875 nd
390 3798 579 3900 premisso.

326 3935 379 4013 Et
410 3959 482 4036 ego
513 3935 736 4014 Nicolcus
769 3934 944 4035 quondam
975 3936 1193 4013 Gurntheri
1225 3932 1273 4012 de
1305 3933 1440 4025 Niso,
1475 3935 1633 4012 clericus
1663 3933 1911 4010 Wrntislc-
1930 3947 2083 4074 dum.)

223 4144 376 4241 siugulis
401 4167 474 4220 une
498 4167 578 4220 cum
602 4143 801 4241 prenotntis
826 4143 982 4220 cethus
1007 4165 1163 4243 presens
1187 4139 1332 4218 interlui
1348 4163 1466 4240 enque
1489 4139 1693 4240 conscripsi
1711 4151 1748 4216 et
1764 4141 1800 4216 in
1817 4139 1912 4218 bunc

222 4245 369 4370 formum
394 4246 572 4370 ppblicom
597 4243 726 4368 redegi
752 4245 859 4350 signo
885 4257 923 4324 et
947 4247 1087 4324 nomine
1111 4244 1203 4324 meis
1229 4243 1432 4323 couswetis
1459 4243 1672 4344 consigonri
1687 4242 1725 4320 iu
1748 4242 1913 4322 testimo·

223 4377 315 4428 mom
341 4375 488 4428 ommum
514 4371 778 4452 preuussorom.

865 4597 1268 4614 pann-*m
