4594 5774
401 511 481 590 260
701 546 704 556 =
947 511 1158 584 ortonnes.
1214 509 1375 582 OEW.
1406 509 1542 582 (ΠΝ.

401 719 603 817 irrogarunt
633 715 669 790 iu
701 709 926 816 dispendium
958 712 1149 788 animarum
1181 737 1324 788 suarum
1356 723 1395 790 et
1419 737 1632 813 gravamen,
1667 713 1763 790 sient
1791 711 1828 786 in
1861 711 2093 788 instrumento

401 814 1354 1020 ltt0lttul2⁶btlltltl⁰tbltlttt
1378 816 1530 996 tbltl
1551 817 1732 1022 ltbtt
1747 815 2094 996 bilheil&

402 1035 482 1102 tato
506 1035 544 1100 et
567 1024 665 1100 lecto
691 1047 738 1098 ιο
763 1023 945 1124 publicato
970 1022 1116 1124 plenius
1140 1023 1357 1114 continetur,
1390 1028 1496 1123 cojur
1522 1035 1682 1100 tenorem
1707 1023 1842 1097 nostris
1868 1022 2095 1124 presentibus

402 1127 533 1206 litteris
558 1125 606 1202 de
632 1127 744 1232 verbo
770 1123 820 1200 ed
844 1127 991 1202 verbum
1015 1122 1064 1201 de
1090 1147 1272 1203 consenso
1297 1125 1444 1200 fratrum
1469 1137 1666 1202 nostrorum
1683 1124 1851 1202 duximus
1868 1123 2095 1201 inserendum

405 1233 442 1308 iu
467 1233 539 1308 lrec
563 1231 701 1306 verba:
837 1269 841 1278 ·

507 1333 549 1408 In
575 1333 714 1408 nomine
740 1329 870 1406 domini
895 1355 1010 1406 amen.
1063 1330 1173 1407 licet
1197 1331 1232 1404 iu
1259 1331 1402 1408 eximiis
1427 1341 1500 1410 etc.
1554 1333 1669 1426 (llier
1699 1331 1794 1430 folgt
1824 1330 1994 1408 wortlicb
2023 1328 2095 1404 und

404 1435 628 1536 vollstaudig
653 1433 723 1510 das
748 1433 1093 1534 Hauptprivilegium
1118 1435 1270 1534 Herzog
1294 1434 1491 1511 Heinrichs
1518 1435 1586 1509 lV.
1613 1435 1671 1542 lor
1695 1432 1766 1510 das
1792 1434 1954 1510 Bistbum
1980 1435 2095 1510 Bres-

404 1541 466 1618 lau
491 1565 572 1614 vom
599 1539 661 1614 23.
687 1538 772 1614 Juni
801 1537 902 1611 loco
926 1537 978 1612 N.
1006 1535 1143 1635 CCL.)

508 1642 562 1719 Et
587 1642 670 1741 quia
693 1639 789 1716 idem
814 1640 1033 1716 venerabilis
1058 1639 1188 1732 frater,
1220 1639 1417 1742 episcopus
1442 1639 1862 1732 Wratislauieusis,
1889 1640 1957 1714 sub
1983 1637 2097 1714 sorum
2167 1637 2172 1644 ’

405 1743 596 1846 cujusdam
623 1744 892 1820 constitucionis
918 1745 954 1818 in
980 1768 1104 1819 omnes
1130 1743 1353 1843 viyolatores
1386 1745 1543 1845 ipsarum
1575 1743 1776 1819 libertatum
1802 1766 1848 1818 ac
1869 1741 2000 1842 jurium
2026 1740 2095 1816 du-
2123 1745 2127 1750 ’

407 1849 548 1941 οιΙὶιιιιι,
575 1872 641 1948 per
652 1846 851 1949 predictum
875 1847 1068 1947 principem
1094 1845 1163 1947 ipsi
1192 1845 1378 1948 episcopo,
1405 1847 1569 1924 ecclesie
1596 1857 1633 1922 et
1657 1845 1757 1922 clero
1775 1843 1938 1920 datarum
1963 1857 2001 1921 et
2026 1843 2095 1920 do·

405 1963 579 2041 natarum,
606 1949 993 2027 excommunicacionis
1019 1948 1240 2026 sentenciam
1268 1946 1316 2026 de
1342 1973 1525 2028 consensu
1544 1949 1790 2050 cappitulisui
1811 1947 2014 2050 inscriptis
2027 1973 2096 2049 pu-

406 2055 503 2132 blice
527 2053 775 2154 promulgavit,
803 2063 841 2126 ut
865 2077 932 2152 per
957 2049 1107 2127 eosdem
1132 2063 1388 2152 procuratores
1412 2055 1448 2127 in
1477 2051 1604 2129 eadem
1632 2051 1774 2154 synodo
1791 2051 2004 2154 provinciali
2028 2075 2096 2128 uo-

407 2167 485 2232 stra
513 2155 726 2232 litteratorie
758 2155 876 2230 extitit
907 2156 1112 2246 recitatum,
1153 2151 1293 2231 eisdem
1324 2157 1554 2258 presentibus
1586 2156 1721 2230 nostris
1753 2154 1887 2247 literis,
1926 2165 2031 2255 prout
2060 2155 2095 2228 iu

407 2261 543 2360 scripto
562 2260 718 2358 jacebat
734 2255 963 2333 decrevimus
988 2255 1217 2333 inserendam
1243 2257 1292 2334 ad
1309 2261 1416 2334 robur
1437 2271 1613 2361 perpetue
1636 2258 1822 2350 firmitatis,
1848 2271 1953 2358 grato
1981 2257 2097 2333 animo

241 2391 243 2400 ’
407 2363 664 2464 suscipientes,
690 2385 760 2460 qne
786 2383 850 2461 pro
876 2361 1012 2436 honore
1037 2358 1166 2436 domus
1191 2359 1321 2438 domini
1346 2361 1478 2439 fuerint
1502 2362 1674 2462 largitore
1692 2360 1833 2438 domiuo
1856 2359 2095 2452 concedente,

408 2469 515 2565 cujus
541 2476 644 2542 terror
668 2463 753 2538 talis
780 2475 858 2538 cst:

511 2671 553 2745 ln
577 2669 717 2745 nomine
744 2667 874 2744 domini
899 2693 1015 2745 amen.
1068 2665 1161 2746 Cum
1185 2668 1330 2745 inclitus
1355 2669 1542 2770 princeps,
1570 2667 1732 2746 dominus
1758 2670 2003 2760 chricns,
2036 2667 2098 2746 dei

349 2817 371 2867 ι,
407 2773 627 2952 firaciapie
652 2769 922 2849 recordacionis
947 2795 994 2848 ιο
1019 2771 1140 2848 felicis
1165 2772 1332 2848 memorie
1357 2769 1432 2846 dux
1459 2771 1631 2864 Slesie,
1666 2772 1890 2851 Crocouie
1917 2783 1955 2848 et
1978 2771 2097 2848 Snu-

290 2867 380 2905 ''¹'¹'
442 2877 615 2967 omirrc,
651 2877 696 2952 ob
729 2873 921 2951 remedium
954 2876 1199 2976 peccaminum
1232 2899 1373 2950 suorum
1408 2899 1454 2950 ac
1481 2878 1681 2952 memoriam
1707 2888 1866 2953 eternam
1891 2875 2095 2976 progenito-

408 3005 502 3072 rum,
528 2979 635 3054 saluti
663 2978 858 3055 consulens
884 2977 1074 3054 animarum
1101 3003 1168 3056 sue
1187 2987 1224 3055 et
1241 3002 1383 3054 snorum
1406 2993 1591 3080 pareutum
1609 2978 1766 3054 divorum
1785 2980 1978 3080 principum
1996 2976 2098 3056 Sle·

410 3084 480 3158 sie
506 3093 544 3158 et
570 3080 814 3174 Cracouie,
863 3083 967 3158 nobis
993 3081 1175 3174 Thome,
1228 3079 1351 3157 divina
1384 3082 1621 3160 miseracione
1654 3083 1828 3184 episcopo
1863 3107 1910 3158 ac
1935 3081 2099 3160 ecclesie

408 3195 533 3261 nostre
564 3184 963 3277 Wratirlaniensi,
1021 3184 1245 3284 quammultis
1277 3185 1436 3284 augariis
1470 3197 1509 3261 et
1540 3186 1765 3286 perangariis
1799 3209 1845 3260 ac
1872 3183 2047 3286 dampnis*
2062 3198 2100 3261 et

407 3288 559 3387 injuriis,
586 3311 655 3387 que
680 3297 826 3390 propter
849 3288 1109 3364 inmensitatem
1127 3311 1195 3362 non
1213 3297 1380 3388 poterant
1397 3289 1566 3381 estimari,
1590 3287 1752 3365 indebite
1777 3289 1964 3379 affecerat,
1988 3288 2098 3365 liber-

408 3401 508 3466 tates
533 3413 580 3466 ac
600 3395 688 3488 jora
712 3387 860 3467 ducalia
882 3391 917 3464 iu
944 3389 1119 3466 territorio
1146 3388 1580 3466 Othomucboniensi
1606 3415 1652 3466 ac
1678 3393 1868 3467 Nisensi
1895 3415 2036 3468 necnon
2063 3401 2100 3466 et

409 3493 447 3568 in
470 3493 630 3566 omnibus
649 3492 763 3569 willis
789 3493 964 3584 ecclesie,
993 3492 1168 3592 episcopi,
1196 3493 1517 3594 cappituliWrat.
1545 3504 1582 3570 et
1602 3495 1854 3594 religiosorum
1880 3517 1927 3570 ιο
1953 3495 2098 3569 aliorum

411 3595 623 3672 clericomm
647 3595 785 3674 Wrat.
813 3593 989 3697 dyocesis
1014 3591 1158 3670 dederit
1182 3604 1221 3670 et
1245 3596 1404 3672 cesserit
1429 3597 1532 3671 nobis
1559 3609 1596 3673 et
1622 3598 1786 3674 ecclesie
1812 3609 1935 3673 nostre
1961 3597 2096 3672 Wrat.

411 3721 459 3773 ιο
485 3696 682 3798 episcopis,
710 3699 767 3796 qui
793 3722 858 3798 pro
884 3707 1044 3798 tempore
1072 3697 1210 3789 luerint,
1235 3696 1444 3774 revocando
1469 3698 1594 3799 adjus
1613 3711 1651 3775 et
1667 3701 1919 3802 proprietatem
1942 3711 2098 3776 nostram

412 3811 451 3876 et
476 3799 639 3880 ecclesie
665 3812 788 3875 nostre
813 3797 980 3901 predicte
1006 3823 1131 3876 omnes
1157 3799 1292 3893 willas,
1325 3825 1394 3898 que
1420 3811 1648 3902 perpetrem
1675 3829 1775 3878 suum
1803 3815 1841 3880 et
1865 3815 2028 3903 patruum
2052 3825 2098 3876 ιο

411 3926 479 4024 per
508 3903 628 4003 ipsum
657 3903 703 3977 ab
735 3903 819 4003 ipsa
853 3903 1019 3980 ecclesia
1044 3915 1082 3979 et
1107 3927 1132 3978 a
1162 3903 1265 3978 nobis
1298 3903 1440 3979 fuerant
1469 3903 1646 3996 alienate,
1678 3907 1773 3984 sicut
1803 3908 1838 3981 in
1870 3908 2098 3986 instrumento

411 4005 527 4105 rpsius
552 4005 723 4106 principis
748 4029 859 4106 super
876 4005 1044 4084 consecto
1067 4005 1210 4106 plenius
1234 4006 1444 4100 continetur,
1472 4019 1644 4110 perpetuo
1661 4007 1899 4110 possidenda,
1926 4033 1994 4085 uos
2021 4033 2099 4085 curu

411 4117 534 4181 nostro
561 4107 718 4208 capitulo
744 4106 897 4184 eandem
923 4108 1157 4185 donacionem
1182 4133 1249 4185 seu
1277 4111 1481 4186 cessionem
1507 4121 1577 4186 tam
1604 4111 1772 4188 devotam
1799 4137 1862 4212 pro
1889 4113 2004 4204 nobis,
2032 4135 2097 4188 ec-
2161 4167 2166 4174 ·

413 4207 531 4285 clesia
562 4221 687 4283 nostra
710 4209 847 4285 Wrat.
880 4236 927 4288 ac
960 4211 1240 4288 successoribus
1274 4214 1407 4288 nostri·
1442 4215 1585 4300 sincero
1618 4216 1750 4292 affecto
1783 4226 1822 4290 et
1853 4226 1957 4313 grato
1984 4214 2099 4289 ammo

412 4319 671 4411 acceptantes,
696 4313 812 4411 ipsios
838 4323 878 4390 et
900 4315 1162 4415 progenitorum
1188 4339 1330 4390 suorum
1355 4318 1493 4392 animas
1518 4342 1611 4393 nunc
1637 4319 1810 4408 maxime,
1841 4317 1929 4394 licet
1954 4314 2003 4392 ad
2029 4316 2099 4392 lroc

412 4410 508 4487 alias
533 4437 583 4488 ex
608 4409 731 4487 debito
756 4425 967 4508 teneremur,
994 4415 1045 4492 ad
1070 4415 1267 4493 no'strarum
1294 4431 1332 4495 et
1358 4420 1522 4498 ecclesie
1546 4433 1670 4496 nostre
1695 4423 1741 4496 ob
1768 4431 1839 4494 tam
1865 4421 1959 4520 piam
1983 4417 2100 4496 dona·

414 4513 552 4590 cionem
567 4514 767 4590 libertatum
794 4527 832 4590 et
850 4519 981 4615 jurium
1006 4517 1481 4619 predictorum'oracionum
1499 4524 1715 4624 suscipimus
1741 4523 1917 4620 sufragia,
1944 4519 1993 4600 de
2011 4525 2099 4600 'oon-

243 4677 254 4708 ,
414 4637 526 4690 sensu
553 4617 665 4690 nostri
690 4617 837 4719 capituli
861 4621 1022 4718 presenti
1046 4645 1095 4721 pa
1121 4622 1131 4641 ⁹
1156 4648 1181 4698 a
1205 4633 1429 4717 statuentes,
1455 4635 1494 4698 ut
1518 4625 1589 4703 hoc
1615 4625 1730 4726 ipsius
1756 4625 1927 4726 principis
1953 4635 1991 4700 et
2015 4648 2100 4746 prc-

414 4717 609 4815 genitorum
643 4743 784 4794 snorum
817 4724 984 4797 memoria
1014 4747 1085 4823 opu
1145 4723 1298 4802 eandem
1324 4727 1460 4802 Wrat.
1495 4728 1693 4804 ecclesiam
1728 4739 1766 4804 et
1790 4729 1885 4804 alios
1916 4727 2101 4804 ecclesras

294 4845 302 4860 ’
415 4839 463 4893 ιο
495 4820 712 4895 monasteria
748 4819 853 4897 modo
893 4824 1100 4924 perfeccir'rs
1136 4827 1173 4900 in
1206 4829 1435 4904 oracionibus
1470 4827 1646 4903 habeatur
1678 4845 1716 4906 et
1748 4827 1903 4908 donacio
1934 4825 2100 4928 ejusdem

413 4919 586 5022 principis
615 4921 816 4998 libertatum
846 4949 893 5002 ιο
921 4926 1052 5026 jnrinrn
1085 4923 1264 5004 duculium
1295 4923 1378 5030 ipsi'
1400 4928 1564 5008 ecclesie
1595 4930 1699 5010 fecta
1729 4943 1767 5008 et
1795 4933 1900 5010 nobis
1924 4931 2038 5010 libere
2064 4942 2102 5006 et
