4660 5762
375 509 451 590 lffl
781 513 993 590 nemea
1048 511 1323 586 comm
1353 509 1654 584 cnxxxrm.

374 719 454 796 sias
477 727 624 796 vestras
648 741 765 795 eausa
789 714 1001 795 devocionis
1026 717 1271 810 accemrint,
1304 739 1431 792 ιιιιιιι
1454 726 1493 793 et
1508 739 1612 791 nuru
1637 737 1804 792 euentu
1828 711 1878 792 de
1902 715 1912 734 '
1942 717 2063 792 'uncta

375 823 445 900 etti
548 821 683 900 ltennia
715 813 994 921 adserimrditer
1026 821 1250 914 relaxamus,
1285 819 1514 922 preamn'boe
1543 819 1649 896 vobis
1677 829 1853 942 perpetuo
1999 820 2061 895 ris.

375 847 548 1005 monol:
565 925 832 1002 relaxacionem
848 925 1001 1002 iacimus
1017 925 1103 1017 illis,
1128 925 1188 1026 qni
1204 949 1269 1026 pro
1287 923 1441 1002 edecus
1458 921 1711 1001 construendus
1728 948 1795 1000 seu
1814 921 1897 1000 aliis
1914 923 2063 1023 qnibns-

377 1055 516 1134 ueaque
531 1029 666 1106 vestris
683 1029 965 1108 ueofflsitatibus
988 1053 1125 1104 manum
1141 1029 1247 1105 vobis
1270 1027 1495 1130 porrexerim
1511 1025 1741 1127 adjutricem,
1769 1027 1801 1102 si
1826 1038 1944 1104 tannen
1968 1025 2064 1130 dyo·
2179 1043 2187 1057 ¹

377 1135 505 1215 cusani
519 1134 686 1216 voluntas
704 1133 909 1210 accesserit
925 1145 963 1211 et
980 1157 1195 1210 consensus.
1248 1132 1379 1210 llatrun
1401 1134 1437 1209 iu
1462 1133 1502 1207 N
1509 1129 1945 1224 ono-Brabdebnrlr,
1971 1135 2065 1207 anino

377 1237 507 1316 mutui
523 1235 828 1317 mcccxxxv
843 1238 885 1328 ¹).

481 1652 664 1729 Domino
688 1651 854 1727 Latino
878 1649 1096 1747 (Thomas
1122 1673 1180 1751 ep.
1198 1648 1373 1747 Wrat).

170 1751 363 1808 mm
483 1757 617 1834 Gravis
640 1753 858 1832 tnrbacionis
876 1753 1038 1854 jaculum
1066 1765 1218 1830 ruentem
1242 1761 1399 1827 nostram
1430 1749 1576 1853 pertulit
1599 1747 1816 1850 quarundam
1840 1749 2064 1852 paternitatis

208 1831 318 1962 ,¹222
380 1873 505 1942 vestre
528 1861 646 1938 series
668 1860 879 1949 litteram,
906 1881 977 1958 qne
993 1855 1184 1933 videbatur
1205 1857 1371 1948 inuuere,
1397 1853 1493 1956 qnod
1517 1851 1612 1930 dum.
1635 1854 1663 1930 J
1668 1856 1897 1947 olnanne,
1924 1849 2063 1930 archid.

381 1965 780 2054 Lancbieiensem,
820 1961 1044 2063 capellanum
1066 1971 1241 2054 vestrum,
1281 1971 1320 2036 et
1349 1971 1505 2034 nostrum
1533 1956 1707 2060 quendem
1738 1956 2063 2061 procuratoremin

383 2069 709 2160 nonancurte,
737 2068 851 2142 minus
867 2089 1164 2167 prosequeremur
1187 2064 1314 2140 lavore
1330 2062 1472 2156 debito,
1499 2074 1679 2164 concepta
1704 2061 1912 2164 suspicione
1935 2060 2066 2136 tiivola

384 2187 509 2254 eontra
524 2174 638 2276 ipsum
657 2195 706 2248 ex
723 2169 1017 2271 suggestionibus
1034 2166 1228 2266 aliquorum
1238 2167 1285 2259 ²),
1313 2191 1392 2244 cunr
1409 2177 1528 2242 nmen
1544 2168 1659 2268 ipsum
1681 2165 1820 2244 arelrirl.
1845 2191 1910 2268 pro
1927 2165 1937 2184 '

385 2279 439 2356 ais
456 2277 638 2378 obsequiis
655 2274 810 2352 fideliter
827 2285 865 2351 et
881 2273 1012 2351 utiliter
1027 2271 1061 2346 iu
1078 2269 1245 2373 predicta
1262 2271 1363 2346 ouria
1378 2271 1481 2347 nobis
1505 2281 1544 2347 et
1560 2269 1723 2348 ecclesie
1741 2283 1864 2347 nostre
1886 2187 2068 2369 comni:

385 2381 673 2461 remuneracione
689 2378 816 2482 pooina
833 2378 1002 2480 prosequi
1019 2373 1243 2452 deberemus.
1296 2375 1410 2451 Pater
1434 2385 1473 2451 et
1496 2372 1654 2466 domine,
1681 2374 1739 2474 qni
1766 2372 1974 2474 benignitati
1997 2397 2066 2449 ve·

386 2499 462 2564 stre
485 2485 574 2561 talia
596 2481 784 2584 suggessit
808 2479 856 2558 de
880 2481 982 2556 uobis
1007 2478 1193 2556 veritatem
1218 2489 1369 2557 secutus
1393 2504 1460 2554 non
1489 2488 1565 2570 est,
1592 2476 1663 2556 sed
1687 2479 1814 2580 pocius
1837 2478 2065 2564 volontatem,

409 2589 470 2665 nia
492 2599 589 2666 teste
613 2585 684 2662 deo
711 2584 908 2686 predictum
931 2581 1219 2660 archidiaconum
1244 2583 1358 2660 eciam
1383 2584 1419 2658 iu
1444 2582 1637 2684 presencia
1658 2581 1876 2660 venerabilis
1898 2580 2067 2683 petiiset

385 2615 516 2771 Homini
541 2689 745 2790 J(acobi)
774 2687 810 2764 d.
836 2713 890 2789 gr.
917 2713 949 2762 s.
975 2686 1263 2811 Gneuneusis
1296 2685 1459 2764 ecclesie
1483 2686 1643 2788 archiep.
1668 2686 1925 2788 metropolitani
1956 2684 2066 2760 nostri

387 2786 1600 2996 t'tttttttttltltuttff'tttttiltlt’utttttttltt
1615 2780 1982 2970 ltlltttlted
1997 2811 2066 2966 lt

389 3004 516 3088 atrein
534 2999 663 3081 eadem
681 3001 781 3078 curia
797 3025 846 3078 ex
872 2999 971 3077 ensis
990 3023 1110 3078 coram
1127 2999 1229 3074 nobis
1246 2997 1341 3076 siem
1359 2998 1525 3075 convenit
1542 2997 1694 3098 aliquam
1705 2995 1861 3075 reddere
1876 2996 2066 3094 racionem,

388 3109 453 3186 vix
477 3110 576 3186 trium
601 3103 735 3184 dierum
760 3027 869 3207 apudl
879 3129 947 3180 noa
969 3129 1068 3180 mora
1090 3104 1209 3196 sacta,
1236 3101 1339 3178 nobis
1356 3100 1617 3201 ignorantibus,
1643 3101 1738 3178 alias
1761 3125 1805 3178 se
1822 3099 2017 3192 tranamlit,
2044 3125 2069 3174 a

389 3213 492 3290 uobis
509 3211 665 3290 licencia
681 3233 748 3286 non
765 3209 889 3310 petita
942 3208 1025 3283 Nos
1049 3217 1166 3283 antem
1188 3211 1270 3306 ejus
1286 3206 1420 3284 lactum
1438 3231 1517 3282 enm
1533 3205 1724 3306 paciencia
1740 3203 1947 3298 toleraurna,
1974 3200 2068 3304 quod

390 3341 458 3394 nou
477 3327 591 3406 esset,
611 3314 645 3388 si
663 3324 787 3390 eontra
803 3313 916 3414 ipsum
934 3323 1061 3386 motum
1079 3310 1230 3410 aliquem
1248 3321 1372 3386 noster
1385 3310 1520 3385 ammos
1535 3308 1779 3412 concepisset.

492 3419 553 3495 De
570 3415 663 3493 dom.
680 3415 906 3492 Archioue
931 3437 953 3492 e
1025 3414 1121 3488 llano
1145 3414 1271 3512 gracie
1294 3424 1435 3502 vestre,
1462 3412 1578 3489 aurien
1601 3412 1705 3488 nobis
1730 3410 1883 3504 dilecto,
1910 3435 1974 3513 pro
1999 3435 2069 3510 quo

391 3520 494 3599 nobis
518 3521 632 3599 eciam
657 3518 874 3620 scripsistis,
901 3437 1025 3617 qun-tl(3
1019 3515 1067 3594 de
1091 3517 1235 3617 gracia,
1274 3541 1377 3618 qoam
1402 3517 1470 3592 sibi
1496 3516 1649 3593 sommus
1673 3520 1785 3616 juxta
1834 3514 1976 3593 laciturn
1999 3537 2068 3590 ve·

325 3664 330 3678 ·
393 3625 541 3716 strnm³)
565 3619 800 3722 usquemodo
818 3645 885 3696 non
903 3631 963 3696 est
978 3643 1044 3722 per
1060 3645 1126 3696 nos
1144 3621 1297 3698 effeetus
1314 3619 1443 3721 aliquis
1461 3622 1698 3711 subsecutus,
1727 3645 1771 3719 qu
1839 3643 1907 3694 nou
1925 3629 1985 3696 est
2000 3641 2067 3692 no-

287 3799 290 3815 ,
393 3741 468 3807 stre
484 3727 656 3804 voluntati
672 3722 742 3802 sed
759 3725 874 3825 magis
891 3724 1023 3799 nostris
1041 3722 1247 3801 defectibus
1264 3721 1524 3802 ascribendum.
1574 3725 1623 3800 Ut
1638 3735 1756 3800 tamen
1774 3723 1919 3800 affectui
1934 3733 2066 3812 nosco,

393 3855 495 3936 quem
509 3833 554 3910 ob
566 3829 809 3908 reverenciam
822 3838 979 3906 vestram
991 3827 1091 3905 circa
1106 3851 1295 3930 personam
1312 3824 1466 3929 predicti
1481 3825 1575 3902 dom.
1590 3827 1875 3926 A(rclrionis)
1899 3825 2066 3927 gerimus,

394 3937 547 4016 memus
569 3931 789 4037 respondeat
811 3931 1019 4032 graciosne,
1045 3929 1263 4034 prebendam
1286 3929 1336 4008 de
1353 3955 1504 4034 corpore
1522 3929 1743 4008 cathedralis
1766 3941 1888 4008 nosue
1904 3929 2072 4006 ecclesie

353 4269 358 4277 ι
438 4196 471 4278 l)
499 4191 606 4260 Uuten
633 4185 691 4255 aul
714 4187 800 4254 dem·
813 4185 895 4254 nach
923 4187 980 4252 der
1001 4185 1119 4252 Sclrrill
1144 4185 1201 4251 der
1221 4183 1377 4251 Urlrnude
1403 4183 1460 4250 hin
1483 4185 1626 4251 einwdrts
1653 4184 1840 4277 gebogenen
1859 4184 1903 4248 Pe
1943 4196 2069 4250 amente
2197 4207 2201 4212 ·

499 4277 581 4345 steht
602 4273 699 4342 linlrs:
721 4283 890 4366 procurata
910 4295 969 4364 per
994 4269 1125 4338 fratrem
1145 4271 1389 4356 Her(mannnm)
1416 4268 1568 4340 lectorem
1595 4281 1627 4336 et
1651 4270 1804 4338 ratificata
1830 4291 1889 4360 per·
1936 4291 2069 4361 pocesa-

500 4387 587 4429 num.
629 4358 744 4426 Rechts
757 4359 853 4424 stehtz
881 4355 1077 4446 llatihabicic
1094 4357 1309 4447 dyocesani..
1334 4353 1478 4420 habetur.
1521 4354 1700 4421 Zuvischen:
1722 4353 1882 4422 diocesani
1903 4355 1986 4420 und:
2007 4355 2069 4420 ha-

500 4449 593 4514 betur
614 4447 653 4512 ist
674 4446 743 4510 eine
764 4443 837 4510 sehr
863 4441 967 4508 kleine
992 4441 1224 4519 Stelloredirt,
1250 4440 1428 4531 uusueitig‚
1454 4436 1526 4504 vveil
1546 4439 1617 4504 hier
1638 4463 1668 4504 n.
1691 4441 1722 4505 d.
1743 4439 1776 4506 h.
1798 4463 1865 4506 uon
1907 4439 2068 4520 estundere,

501 4533 607 4598 indem
633 4553 690 4624 gur
717 4528 806 4594 nicht
829 4550 1061 4620 angenommen
1088 4526 1215 4592 werden
1240 4525 1340 4604 kann,
1368 4523 1425 4590 der
1444 4523 1576 4589 Bisclrof
1592 4523 1735 4590 Thomas
1756 4526 1794 4590 lt.
1823 4463 1908 4590 werfi

503 4617 537 4684 in
563 4617 664 4682 dieser
689 4614 760 4680 Zeit
785 4612 852 4678 und
878 4633 962 4678 zuar
987 4611 1057 4678 elue
1083 4609 1191 4678 aolclre
1212 4609 1368 4677 Urknnde
1389 4633 1429 4673 nu
1456 4610 1598 4674 Gunaten
1620 4611 1723 4676 seiuer
1743 4525 2069 4700 Ιιείὶῐςιῑειιθᾶἲιέιῗ,

502 4703 583 4770 tiber
603 4699 720 4768 welche
742 4723 777 4765 er
798 4721 833 4764 so
854 4695 986 4762 vielsech
1008 4695 1104 4788 lrlngt,
1124 4695 1307 4788 genehrnigt
1326 4693 1441 4758 haben.

298 4795 305 4806 ’
442 4810 478 4891 t)
504 4805 646 4872 Thomas
667 4803 753 4868 hatte
779 4801 835 4866 ihu
858 4798 907 4866 13.
929 4799 1016 4864 Mlier
1044 4797 1142 4882 taso,
1169 4799 1209 4865 N.
1231 4795 1426 4876 CXXXIX,
1447 4795 1637 4882 abbemim,
1664 4797 1766 4864 sicher
1792 4817 1850 4863 ana
1875 4795 2071 4880 blinatraucm

429 4931 440 4958 ·.
505 4892 564 4957 trie
584 4889 625 4956 N.
645 4887 732 4954 CXL
753 4886 820 4952 trud
840 4883 957 4954 cml
978 4885 1096 4976 zelgen.

444 4996 480 5079 ι)
508 4991 540 5056 s.
560 4987 639 5059 nrt
661 4989 700 5055 n.
724 4987 830 5056 cvm
