4552 5786
720 532 944 606 Urbnudea·
986 527 1132 602 OOEII.
1158 527 1325 602 OEfflll.
1800 527 1879 606 840

195 745 362 814 oawllao
386 751 425 812 et
446 743 626 836 princepe
650 741 795 812 domim
821 761 886 808 erro
911 757 1034 808 ιιιιιιιιι
1066 731 1214 832 obligati
1245 731 1384 832 sibique
1418 741 1456 809 et
1488 733 1565 809 suis
1596 729 1792 810 heredibus
1817 757 1880 810 re·

196 843 303 943 gibua
328 841 530 933 Boemic‚
565 839 623 940 qui
648 863 712 940 pro
739 853 898 940 tempore
929 837 1079 929 luerint,
1113 847 1288 936 tamqnam
1318 837 1417 914 veris
1442 833 1542 912 feudi
1573 833 1724 914 dominis
1749 861 1816 914 noa
1842 851 1882 916 et

196 946 307 1022 nostri
334 967 576 1021 soccessores
602 941 798 1019 occasione
824 938 923 1018 dicte
948 951 1044 1018 terro
1070 939 1429 1018 Grotkouiensis
1464 951 1671 1018 constanter
1696 951 1734 1017 et
1758 939 1879 1020 fideli-

196 1059 253 1126 ter
277 1046 326 1125 de
352 1059 476 1125 cetero
502 1044 687 1122 intendere
719 1042 915 1121 tenebimur
940 1053 979 1120 et
1001 1067 1144 1146 parere.
1196 1044 1237 1118 lu
1271 1049 1376 1143 cnjus
1408 1043 1459 1120 rei
1492 1043 1727 1120 testinnonium
1757 1045 1881 1144 sigilla

197 1162 352 1228 nostrum
386 1149 597 1254 episcopale
628 1154 745 1250 majus
772 1159 810 1226 et
834 1148 957 1326 {psius
983 1147 1130 1249 capituli
1155 1147 1296 1221 Wrat.
1327 1147 1555 1248 presentibus
1589 1159 1671 1222 sont
1705 1173 1879 1250 appensa.
1918 1159 1920 1166 '

194 1257 328 1334 Actum
366 1267 402 1330 ct
441 1251 560 1330 datum
600 1252 770 1350 Frage,
814 1249 832 1326 l
874 1307 883 1326 .
923 1249 1072 1332 kalend.
1112 1250 1343 1342 Decembris,
1394 1273 1488 1326 anno
1528 1248 1657 1326 domiui
1695 1251 1881 1328 millesimo

107 1355 116 1370 ⁸
197 1357 435 1438 cccxliv
459 1359 494 1432 iu
521 1353 625 1432 domo
651 1356 796 1430 fratrum
821 1355 1006 1449 llliuomm,
1033 1355 1262 1458 presentibus
1287 1353 1484 1429 illustribus
1534 1355 1738 1456 riucipibus,
1765 1352 1880 1430 domi·-

196 1463 253 1538 nis
284 1463 455 1539 Karolo
480 1459 730 1562 primogenito,
764 1459 968 1536 marchione
1001 1459 1224 1550 Morauie,
1256 1457 1461 1534 Johanne
1492 1381 1588 1535 ‹lroe
1620 1457 1881 1560 Karynthie

194 1565 267 1642 ilio
284 1567 399 1669 ipsius
416 1565 528 1664 regis,
555 1563 758 1642 Bolkone
777 1561 1033 1665 Opolieusi,
1061 1560 1565 1661 lleiuricoSaganensi‚
1592 1560 1756 1654 ducibus,
1769 1561 1880 1743 prin-
1980 1583 1984 1592 ·

206 1671 345 1772 cipibus
373 1680 410 1746 et
433 1665 586 1742 vasallis
613 1664 706 1742 dour.
734 1666 834 1766 regis
859 1667 1042 1743 Boemic
1068 1663 1277 1768 supradicti,
1304 1689 1444 1742 necnon
1470 1663 1682 1742 reverendis
1708 1665 1742 1740 in
1803 1665 1879 1740 hri-

199 1785 258 1850 sto
283 1773 455 1877 patribus,
482 1769 634 1846 dominis
660 1771 860 1846 Aruerto
895 1795 926 1845 s.
954 1770 1212 1869 Pragcusis
1245 1769 1408 1847 ecclesie
1434 1769 1709 1870 archiepiscopo
1736 1779 1774 1845 et
1797 1771 1879 1845 Jo-

196 1877 341 1954 haune
379 1876 554 1976 eiscopo
593 1873 814 1952 ltlisneusi
854 1897 901 1951 ac
933 1874 1176 1951 Rennnoue
1215 1871 1264 1950 de
1295 1873 1502 1965 Plawen,
1541 1874 1748 1949 lliukone
1781 1871 1880 1951 dicto

196 1981 351 2058 Berka
393 1901 441 2056 de
485 1979 609 2053 lluba
652 1977 868 2077 burggravio
910 1977 1151 2077 Prageusi,
1195 1977 1407 2054 Heinrico
1451 1975 1500 2053 de
1543 1977 1878 2076 hocseoburg,

197 2083 434 2159 Waukone
460 2079 510 2158 de
534 2081 853 2180 Wartembcrg
875 2079 1042 2158 fidelibus
1068 2080 1155 2160 dicti
1182 2079 1275 2155 dom.
1302 2083 1401 2180 regis
1427 2104 1474 2156 ac
1499 2079 1763 2158 honorabilibus
1779 2081 1879 2170 viris,

197 2185 346 2264 dominis
370 2187 577 2264 Johanue
602 2181 740 2260 archid.
768 2183 1081 2282 (ilogouieusi,
1115 2183 1348 2261 'l'icncone
1380 2181 1428 2260 de
1453 2185 1703 2264 Panovvicn
1730 2185 1881 2262 canoni-

197 2291 253 2369 cis
279 2291 410 2367 uostris
435 2287 906 2364 Wratislauieusibus
939 2299 977 2364 et
1001 2288 1083 2363 aliis
1109 2288 1268 2389 pluribus
1292 2284 1366 2364 lide
1392 2284 1523 2386 dignis.

301 2699 410 2778 ltem:
443 2700 519 2792 ¹)lu
546 2700 684 2778 nomine
710 2697 840 2775 domiui
865 2721 980 2774 amen.
1032 2696 1116 2772 Nos
1140 2697 1410 2790 Precnlans‚
1437 2696 1498 2776 dei
1525 2709 1563 2776 et
1586 2698 1788 2801 apostolice
1814 2723 1879 2776 se·
1917 2711 2030 2766 00010·

196 2801 254 2880 dis
279 2802 513 2906 providencia
537 2806 732 2906 episcopua
757 2803 899 2878 Wrat.
935 2800 1094 2877 omnibns
1119 2813 1311 2902 presentes
1337 2803 1462 2880 literas
1487 2803 1702 2880 intuentibus
1735 2803 1878 2904 publice
1917 2793 2011 2922 ,Ὦ

194 2909 413 3010 profitemur,
447 2907 542 3008 quod
568 2907 744 3008 magnifici
769 2906 968 3007 principes,
996 2901 1125 2980 domini
1161 2905 1406 2982 Bolealanr
1432 2908 1702 3006 Bregeusis,
1730 2907 1878 2983 Bolko
1933 2902 1941 2918 '
2013 2904 2021 2920 '

195 3011 634 3111 Falkembergeusis
674 3021 712 3086 et
750 3010 898 3084 Bolko
942 3007 1224 3110 opoliensis,
1268 3007 1566 3086 Wladielaus
1610 3008 1877 3102 Cosleusie,

196 3113 801 3202 KazmirusTeschiueusis‚
828 3111 1054 3188 Nicolaus
1080 3111 1360 3212 Opauiensis
1386 3113 1805 3189 etllathiborieusis
1830 3137 1878 3190 ac

196 3217 456 3297 Semouitus
488 3216 839 3318 Glywicneusis
866 3213 1001 3306 duces,
1041 3227 1165 3292 nostre
1197 3215 1598 3292 Wratislauieusis
1632 3213 1807 3307 diocesis,
1840 3216 1878 3292 in

196 3332 320 3399 nostra
351 3321 544 3422 presencia
576 3320 757 3397 constituti
791 3331 919 3421 sponte
946 3329 1255 3419 reconguoveruut
1287 3329 1326 3395 et
1349 3319 1493 3421 publice
1525 3329 1608 3396 suut
1633 3319 1806 3410 confossi,
1833 3343 1878 3396 se

196 3425 416 3504 municiones
442 3449 530 3500 suas
557 3435 595 3500 et
619 3435 736 3500 terras
761 3421 853 3526 ipsia
880 3423 1069 3523 subjectas
1101 3423 1231 3523 singuli
1265 3447 1355 3498 suas
1380 3433 1497 3500 terras
1530 3435 1568 3500 et
1598 3423 1816 3500 municiones
1841 3423 1877 3498 iu

196 3555 321 3606 mauu·
348 3527 569 3604 serenissimi
595 3527 765 3630 principis
792 3525 884 3602 dour.
910 3527 936 3603 J
943 3525 1137 3602 ohannis
1169 3525 1269 3627 regis
1294 3527 1473 3604 Boemie
1497 3527 1710 3628 resignasse
1736 3524 1877 3604 dotas-

196 3657 267 3734 que
291 3632 511 3708 municiones
538 3641 575 3706 et
599 3643 716 3707 terras
742 3630 862 3706 taliter
887 3630 1092 3730 resignatas
1118 3631 1164 3706 ab
1191 3628 1318 3707 eodem
1344 3626 1437 3706 dom.
1462 3631 1668 3708 Johaune
1694 3655 1877 3732 regesne

197 3733 432 3814 etheredum
458 3759 598 3810 suorum
625 3735 762 3810 nomine
788 3734 897 3834 regni·
914 3733 1097 3810 Boemie
1128 3735 1164 3809 iu
1190 3744 1397 3836 perpetuum
1428 3733 1570 3810 lendum
1595 3737 1784 3836 recepisse
1811 3739 1877 3836 ju·

196 3849 387 3916 ramentum
414 3861 553 3938 quoque
577 3836 764 3914 fidelitatis
796 3849 835 3914 et
858 3837 1056 3938 homagium
1089 3838 1160 3939 ipsi
1185 3839 1265 3936 regi
1289 3838 1473 3914 Boemie
1506 3848 1545 3914 et
1574 3840 1651 3914 suia
1682 3835 1876 3914 heredibus

197 3967 264 4021 seu
304 3943 581 4019 successoribus
618 3941 803 4042 legittimis
833 3965 898 4042 pro
933 3967 977 4018 sc
1009 3952 1048 4018 et
1080 3965 1200 4017 eorum
1233 3938 1428 4017 heredibus
1459 3941 1681 4041 prestitisse,
1717 3941 1878 4018 similiter

199 4047 314 4125 eciam
339 4045 480 4123 nobiles
505 4055 601 4122 terre
628 4057 666 4122 et
693 4101 731 4120 ..
760 4045 931 4124 consules
958 4044 1115 4121 cimam
1141 4043 1280 4118 Wrat.
1315 4067 1382 4118 suo
1408 4053 1446 4119 et
1472 4044 1629 4120 civitatis
1660 4067 1706 4120 ac
1732 4045 1876 4122 nniver-

198 4151 317 4227 aitatis
343 4147 507 4250 ejusdem
534 4149 692 4227 civitatis
717 4150 856 4225 nominc
880 4149 916 4224 iu
943 4158 1066 4223 nosba
1090 4147 1283 4248 presencia
1309 4146 1489 4223 constituti
1520 4159 1649 4250 sponte
1673 4171 1875 4247 recongno-

197 4263 323 4330 veruut
355 4263 393 4330 et
422 4252 565 4356 publice
590 4263 673 4329 runt
704 4252 876 4344 confessi,
909 4252 970 4353 pie
1000 4251 1166 4327 memorie
1191 4249 1447 4326 Heinricnm
1478 4264 1620 4327 sextum
1654 4263 1690 4328 et
1722 4251 1874 4328 ultimum

198 4355 280 4433 cliro
313 4353 441 4433 ducem
466 4356 769 4432 Wratislanie
802 4355 917 4460 ipsius
943 4352 1098 4432 dueabrs
1123 4354 1262 4430 Wrat.
1289 4351 1462 4430 domiuum
1493 4353 1756 4447 hereditarium,
1783 4355 1875 4432 civi·

198 4471 377 4560 talemque
401 4459 540 4535 Wrat.
567 4471 606 4536 et
632 4457 798 4535 ducaturu
831 4459 947 4560 ipsius
974 4481 1052 4536 cum
1084 4483 1151 4534 suo
1175 4458 1322 4550 honore,
1347 4454 1611 4556 jurisdiccioue
1644 4469 1693 4536 et·
1712 4457 1875 4536 districtu
2032 4527 2035 4538 s

198 4561 317 4642 eidem
340 4560 482 4638 domiuo
507 4563 587 4662 regi
613 4561 787 4656 donasse,
813 4560 1011 4640 tradidisse
1037 4573 1075 4640 et
1093 4562 1330 4640 concessisse
1355 4571 1484 4663 sponte
1510 4573 1547 4640 et
1571 4562 1695 4654 libere,
1722 4561 1772 4640 de
1797 4563 1879 4642 eis«

198 4663 281 4744 dem
306 4689 373 4768 per
397 4687 519 4764 regem
546 4665 743 4767 predictum
768 4675 806 4744 et
817 4663 975 4743 heredes
999 4667 1153 4768 ipsorum
1179 4690 1248 4742 nou
1274 4663 1481 4760 dividendo,
1508 4690 1555 4743 ea
1579 4692 1604 4743 a
1628 4691 1740 4767 regno
1756 4667 1874 4744 Boe-

197 4770 282 4848 mie
307 4793 375 4848 seu
389 4792 524 4846 corona
547 4771 648 4869 regui
674 4767 839 4871 ejusdem
864 4779 1036 4872 perpetuo
1062 4767 1288 4872 possidenda
1312 4794 1438 4871 seque,
1465 4771 1718 4850 universitates
1743 4783 1781 4850 et
1797 4771 1874 4848 sin·

241 4994 277 5077 1)
304 4989 480 5058 blehrrnalr
500 4987 662 5082 gedrncht,
684 5011 709 5056 a
730 4987 880 5056 Walther
900 4987 987 5058 Siloa
1009 4987 1141 5082 diplom.
1162 4989 1188 5070 1,
1210 5013 1242 5080 p.
1262 4989 1295 5056 6.
