4594 5774
415 535 491 616 tlt
1017 539 1227 614 Urbcadcra
1284 537 1515 612 ίῑῊΧΧῐι

415 745 507 822 omni
539 741 625 821 dolo
656 744 759 820 nobis
791 753 967 843 tamquam
998 739 1183 818 Bromie
1216 739 1313 840 regi,
1352 739 1551 818 homst-s
1582 765 1628 821 ac
1655 741 1934 818 successoribus
1958 740 2104 831 nouis,

414 850 600 926 Bromie
626 850 773 948 regibus
798 848 1064 949 imperpetuum,
1090 843 1188 950 quod
1212 845 1299 920 nulli
1325 869 1484 944 umquam
1511 845 1602 944 regi,
1627 845 1778 947 principi
1805 869 1872 921 scu
1890 843 1995 922 alteri
2019 869 2105 946 per-

413 977 506 1029 sone
530 953 593 1030 uel
618 952 814 1027 bominibus
841 955 1098 1050 cujuscumque
1125 959 1256 1040 statrrs,
1283 946 1486 1048 dignitatis,
1513 947 1652 1048 gradus
1678 973 1744 1026 seu
1771 947 1996 1027 condicionis
2023 948 2105 1026 exi·
2200 1031 2202 1036 ,

414 1067 523 1146 stant,
550 1056 608 1156 qui
633 1057 736 1155 regni
762 1067 800 1132 et
825 1079 960 1132 corone
983 1053 1173 1129 Roemie
1201 1053 1392 1154 principes,
1419 1053 1640 1154 principatus
1666 1065 1705 1130 et
1727 1051 1898 1145 mama
1925 1053 2105 1130 civitatem

415 1161 552 1236 Wrat.
587 1171 625 1236 et
651 1161 725 1236 alia
757 1159 918 1236 similiter
949 1159 984 1232 iu
1010 1156 1146 1232 Wrat.
1173 1153 1316 1235 diocesi
1348 1181 1415 1234 seu
1448 1157 1532 1234 alibi
1565 1157 1658 1232 sites
1684 1170 1746 1233 aut
1771 1158 1845 1232 sita
1868 1181 2009 1234 necnon
2035 1154 2105 1232 do-

414 1265 537 1354 minia,
558 1270 661 1365 jura,
689 1275 805 1340 metas
831 1287 900 1338 seu
925 1261 1168 1363 pertinencias
1192 1261 1295 1360 regni
1323 1276 1361 1336 et
1385 1285 1518 1338 corone
1543 1262 1727 1338 Boemie
1752 1258 1939 1338 offendere
1962 1260 2023 1338 rol
2047 1261 2104 1336 in·

414 1367 552 1446 vadere
577 1369 782 1460 niterentur,
809 1365 990 1442 aduersus
1016 1388 1083 1440 nus
1107 1375 1147 1440 et
1172 1377 1286 1462 reges
1300 1365 1502 1457 Boemie,
1529 1365 1587 1464 qai
1613 1389 1679 1468 pro
1704 1377 1863 1466 tempore
1880 1365 2021 1456 fuerim,
2035 1362 2105 1438 do-

415 1473 528 1548 minos
555 1483 592 1548 et
616 1483 787 1573 patronos
815 1495 946 1561 eorum,
972 1470 1182 1569 prestabant
1207 1479 1269 1543 aut
1294 1468 1448 1569 prestari
1473 1468 1612 1545 satient
1634 1493 1705 1544 seu
1727 1469 1807 1546 lieri
1832 1467 2059 1546 smanoomr
2081 1491 2106 1543 a

415 1601 460 1653 se
485 1575 547 1652 rel
573 1577 650 1652 suis
676 1572 830 1652 subditis
857 1573 1044 1661 auxilinm,
1078 1571 1264 1648 consilium
1289 1572 1351 1648 vel
1376 1573 1555 1662 savorem,
1587 1573 1690 1648 immo
1722 1596 1846 1649 omnes
1879 1581 1918 1648 et
1942 1571 2105 1671 singulas

416 1680 635 1756 municiones
662 1663 751 1754 suas
778 1691 816 1755 et
842 1677 1005 1755 ecclesie
1024 1676 1174 1767 Wrat,
1201 1675 1400 1752 nominatim
1426 1687 1523 1754 terre
1539 1676 1579 1751 N
1585 1677 1782 1769 isensis,
1809 1701 1879 1776 quc
1904 1687 2003 1752 terra
2026 1675 2105 1750 Ni·

416 1785 574 1860 sensis
601 1780 815 1886 disponente
842 1780 994 1874 domino,
1008 1793 1233 1881 preterquam
1259 1777 1309 1856 ad
1325 1805 1436 1882 snpra
1453 1779 1592 1881 scripta
1608 1791 1646 1856 et
1662 1779 1756 1856 infra
1780 1781 2108 1881 scriptapromissa

411 1889 597 1988 juvamine
624 1899 661 1963 et
686 1896 887 1990 aperturas,
914 1885 1029 1962 libera
1054 1909 1198 1986 semper
1223 1884 1344 1962 extitit
1368 1893 1405 1960 et
1431 1885 1567 1974 existit,
1593 1909 1640 1960 ac
1666 1885 1761 1960 alias
1779 1885 2011 1974 municiones,
2027 1884 2105 1960 abi·

418 2017 568 2092 cumque
593 1991 723 2068 suerint
749 1992 954 2080 constitute,
981 1986 1161 2065 aduersus
1186 1989 1389 2082 invasores,
1414 1989 1682 2089 inpugnatores
1706 1989 1978 2066 seuiarasores
1995 2011 2106 2087 qaas-

267 2133 269 2144 ·
416 2097 515 2187 libet,
542 2095 751 2196 complices,
778 2092 966 2193 adjutores
992 2103 1030 2168 et
1055 2092 1217 2167 fautores
1244 2115 1364 2168 eornm
1389 2094 1492 2168 nobis
1519 2104 1696 2191 tamquam
1721 2093 2010 2190 regiBoemie,
2037 2092 2106 2168 be·

416 2197 564 2276 retibus
590 2211 627 2275 et
649 2198 928 2275 successoribus
955 2195 1099 2286 uostris,
1114 2195 1299 2272 boemie
1323 2197 1483 2294 regibus,
1510 2197 1724 2296 capitaneis,
1751 2195 1967 2272 officialibus
1984 2207 2022 2272 et
2039 2195 2106 2270 bo·

417 2303 567 2378 minibus
593 2303 738 2394 nostris,
766 2299 847 2376 dum
874 2311 911 2374 et
937 2298 1110 2397 quociens
1137 2299 1359 2398 oportunitas
1385 2297 1475 2374 illud
1500 2301 1680 2400 exegerit,
1705 2324 1770 2400 pro
1797 2297 2012 2376 defensione
2038 2323 2105 2400 pa·

417 2408 496 2498 trie,
523 2406 790 2509 principatuum,
818 2402 1020 2492 ducatuum,
1047 2399 1286 2496 dominiorum,
1307 2402 1449 2502 jurium,
1475 2405 1771 2504 pertinerrciarun
1797 2417 1834 2479 et
1850 2404 2018 2479 bonorum
2046 2427 2106 2478 re·

418 2517 513 2610 gum,
546 2511 648 2608 regni
676 2521 713 2586 et
739 2532 871 2584 corone
898 2507 1099 2598 boemie,
1133 2508 1191 2606 qui
1218 2517 1351 2606 etque
1384 2507 1625 2610 exprimuntur
1648 2509 1831 2610 superius,
1859 2507 2105 2609 promiserunt,

418 2617 554 2690 debent
569 2628 608 2687 er
623 2620 745 2688 volunt
761 2615 1148 2710 aperirefldetr'teret
1173 2609 1323 2687 efficere
1349 2635 1396 2688 ac
1421 2634 1615 2712 procurare
1640 2635 1707 2714 per
1731 2611 1905 2704 homiues,
1924 2611 2105 2688 officiales

419 2731 457 2793 et
483 2715 748 2793 commissarius
774 2739 862 2790 auus
889 2715 1028 2814 absque
1052 2713 1247 2812 cujuslibet
1272 2711 1497 2804 difficultatis
1523 2715 1629 2792 obice
1654 2715 1822 2816 legaliter
1847 2716 1989 2816 aperiri.

522 2819 747 2921 Quapropter
769 2845 847 2910 nos,
874 2829 1048 2917 tamquam
1075 2818 1262 2894 Boemie
1287 2843 1367 2912 rex,
1393 2843 1458 2920 pro
1482 2819 1598 2911 nobis,
1624 2818 1819 2896 heredibus
1844 2841 2105 2896 acsnccesso-

369 2945 376 2974 ⁸
420 2925 517 2999 ribus
535 2924 679 3016 nostris,
699 2923 880 3000 Boemie
906 2921 1053 3021 regibus
1079 2921 1331 3024 imperpetuum
1357 2922 1586 3024 promittir'ms
1613 2923 1706 2998 bona
1730 2935 1855 3000 nostra
1878 2920 1953 2999 tide
1978 2921 2103 2998 etsine

420 3029 510 3103 omni
530 3026 640 3120 dolo,
667 3025 763 3128 quod
789 3051 868 3103 cum
892 3022 1095 3126 hujusmodi
1120 3027 1359 3118 invasoribus,
1387 3026 1551 3102 hostibus
1577 3040 1616 3102 et
1641 3027 1779 3118 ommis,
1806 3041 1929 3128 preter
1939 3025 2104 3102 vulunta-

418 3143 488 3208 tem
515 3133 678 3234 episcopi
713 3143 749 3207 et
780 3130 927 3232 capituli
952 3129 1089 3204 Wrat.
1116 3154 1184 3206 non
1218 3130 1394 3207 sociemus
1426 3129 1547 3230 aliqua
1578 3133 1723 3208 racione
1756 3127 2002 3221 concordiam,
2036 3129 2108 3234 uisi

417 3235 550 3338 prelati
583 3237 778 3338 episcopus
812 3247 849 3310 et
878 3233 1068 3335 capitulum
1104 3231 1300 3310 reddantur
1330 3232 1541 3336 indempnes
1567 3233 1732 3335 quodque
1763 3234 1925 3335 prelatos
1956 3235 2105 3336 episco-

418 3365 498 3440 pum
525 3352 563 3416 et
589 3339 779 3441 capitulum
805 3339 941 3414 Wrat.
969 3337 1149 3429 ecclesie,
1183 3338 1241 3436 qui
1275 3361 1339 3439 pru
1368 3351 1527 3440 tempore
1553 3339 1701 3430 inerint,
1728 3350 1855 3416 contra
1879 3336 2044 3428 eosdem,
2072 3337 2104 3412 si

418 3445 522 3543 ipsos
549 3443 741 3518 niterentur
765 3439 950 3534 invadere,
978 3465 1117 3518 necnon
1144 3465 1267 3518 omnes
1292 3442 1386 3519 alios
1413 3453 1523 3541 reges
1550 3457 1587 3518 et
1611 3440 1729 3518 duces
1755 3467 1801 3518 ac
1819 3443 1984 3542 singulos
2001 3443 2105 3516 inra-

422 3569 539 3636 sores,
567 3570 806 3646 oppressores
834 3557 871 3621 et
897 3545 1148 3622 molestatores
1175 3570 1295 3622 eornm
1321 3570 1460 3622 necnon
1485 3547 1651 3622 bonorum
1668 3545 1804 3622 Wrat.
1824 3546 1988 3625 ecclesie
2014 3563 2104 3621 tam·

420 3673 524 3749 quam
550 3646 711 3723 dominus
739 3662 776 3725 et
802 3660 971 3749 patronus
998 3673 1118 3725 eorum
1143 3649 1317 3725 tuebimur
1341 3663 1379 3726 et
1404 3675 1467 3752 pro
1492 3651 1628 3726 uiribus
1654 3647 1902 3726 defendemus.
1955 3648 2105 3748 Signum

421 3752 643 3829 serenissimi
675 3753 844 3854 principis
879 3764 915 3828 et
940 3750 1070 3828 domini
1103 3751 1196 3828 dom.
1223 3753 1385 3830 Karoli
1418 3753 1544 3853 quarti,
1571 3755 1858 3830 Romanorum
1882 3754 2105 3854 imperatoris

420 3855 644 3933 invictissimi
669 3867 708 3932 et
732 3857 981 3956 gloriosissimi
1006 3857 1190 3933 Buernie
1217 3858 1316 3957 regis
1330 3857 1370 3948 ¹).
1424 3859 1564 3934 'l’cstes
1581 3857 1689 3957 hujus
1716 3856 1768 3934 rei
1794 3871 1887 3949 sunt,
1912 3857 2105 3934 venerabi·

421 3961 479 4038 ies
510 3962 736 4037 Arnestns
770 3987 802 4034 s.
835 3960 1088 4060 Progensis
1122 3961 1286 4049 ecclesie
1317 3961 1628 4062 archiepiscopus,
1659 3961 1896 4038 Jobaunes
1926 3961 2104 4037 (liumu-

422 4065 625 4155 czensir,
660 4064 883 4140 Albertus
915 4064 1232 4142 Swerinensis
1264 4077 1303 4141 ct
1327 4062 1647 4142 Theodericus
1682 4062 1945 4141 Mindensis
1978 4065 2104 4142 eccle-

422 4167 553 4244 siarum
580 4167 753 4271 episcopi,
780 4167 942 4244 illustres
962 4169 1230 4246 Wilbelmus
1257 4169 1413 4246 marchio
1439 4169 1712 4263 Miscensis,
1738 4169 1878 4244 liolco
1905 4167 2104 4248 Swidni·
2164 4195 2174 4220 ·

423 4273 595 4364 censis,
624 4270 861 4350 Corradus
886 4271 1233 4364 Olesnicensis,
1267 4273 1574 4352 Wenceslaus
1601 4283 1639 4350 et
1663 4270 1924 4349 bodonicus
1950 4272 2104 4372 bigni-

424 4398 611 4469 censes,
646 4376 976 4452 Prniemislaus
1003 4377 1388 4470 Tesscbinensis,
1428 4378 1573 4456 Bolco
1600 4375 1865 4478 Opuliensis
1906 4387 1943 4452 et
1967 4377 2105 4452 Bolco

422 4477 862 4580 Fallrembergensis
888 4478 1023 4573 duces,
1056 4481 1280 4582 spectabiles
1305 4480 1598 4558 Burcbardus
1625 4495 1663 4558 et
1686 4479 1922 4556 Jobannes
1953 4482 2104 4580 burgra-

423 4583 473 4657 oii
497 4581 948 4683 Magdeburgenses,
983 4585 1133 4662 comites
1159 4609 1205 4662 ac
1230 4586 1372 4662 nobiles
1398 4584 1566 4663 Sbinco
1593 4583 1642 4662 de
1667 4585 1951 4684 Hanemburg
1976 4607 2105 4684 supre-

424 4711 501 4762 mus
526 4687 698 4786 magister
723 4711 867 4766 camere
884 4699 1018 4780 nostre,
1044 4687 1253 4768 Jodocur
1271 4689 1557 4767 etJobaunes
1583 4687 1716 4765 fratres
1743 4685 1792 4765 de
1816 4689 2102 4787 ltosemberg‚

426 4785 607 4868 Sdenco
633 4789 682 4868 de
707 4790 959 4893 Sternberg
977 4791 1098 4893 judex
1124 4793 1261 4894 regalis
1288 4794 1388 4872 curie
1413 4818 1478 4895 per
1494 4794 1715 4871 Boemianr
1738 4801 1778 4870 et
1803 4791 1865 4868 alii
1881 4791 2107 4894 quamplures

471 5013 502 5094 1)
527 5005 604 5074 Hier
624 5009 707 5077 steht
728 5013 782 5077 des
804 5013 933 5082 Kaiserr
954 5013 1189 5106 Monograrnm,
1345 5067 1348 5074 ,
