4660 5762
390 510 466 588 oro
919 505 1131 577 urrerem
1191 459 1340 578 ocari
1371 503 1545 576 ccrrrr.

391 713 558 814 exemplo
579 711 697 813 ipsius
724 707 931 808 depravati,
967 706 1037 782 sibi
1062 707 1096 780 in
1124 707 1273 783 casibus
1300 733 1324 782 a
1343 711 1429 806 jure
1455 707 1641 808 prohibitis
1669 706 1990 798 communicantes,
2017 731 2085 784 ec·

391 819 508 898 clesie
529 821 626 915 jura,
655 816 747 889 bona
773 823 811 886 et
836 809 1000 886 decimas
1027 813 1236 910 perturbare
1265 811 1301 884 in
1328 811 1405 886 suis
1422 809 1587 886 dominiis
1613 833 1682 886 nou
1708 807 1910 886 formidant
1954 810 2086 886 Datum
2224 824 2226 832 '

391 919 489 1023 apud
512 917 708 998 ecclesiam
727 914 775 990 de
791 913 1006 992 'Slessino
1025 913 1318 990 Gneunensis
1336 911 1523 1015 dyocesis,
1552 939 1644 990 anno
1662 912 1791 989 domini
1816 911 2085 991 mecum

392 1035 519 1117 sexto,
546 1023 648 1098 nonis
675 1018 901 1096 Decembris.

494 1330 595 1418 ltem,
619 1329 656 1402 in
685 1325 746 1402 die
772 1352 804 1402 s.
832 1325 1002 1402 Marcelli
1026 1351 1123 1427 pape
1149 1326 1261 1400 misse
1287 1333 1371 1398 sunt
1395 1324 1492 1400 tales
1517 1323 1636 1399 littere
1654 1324 1679 1414 ¹)
1705 1347 1772 1424 per
1798 1321 1891 1398 dom.
1917 1323 1944 1399 J
1951 1323 2085 1399 ohan·

392 1458 481 1512 nem
508 1430 556 1508 de
583 1429 843 1506 Sobocisch
870 1427 919 1504 ad
945 1429 1098 1522 curiam,
1124 1426 1299 1505 videlicet
1325 1427 1614 1527 procuratoribus
1641 1427 1771 1526 prima,
1799 1425 1965 1504 secunda
1990 1425 2085 1502 dom.

390 1561 497 1640 pape,
525 1535 640 1611 tercia
666 1531 921 1623 cardinalibus,
950 1543 1077 1630 quarta
1102 1528 1194 1606 dom.
1223 1531 1390 1606 [latino
1418 1528 1605 1619 cardinali,
1633 1531 1755 1629 quinta
1781 1529 1873 1606 dom.
1901 1531 2085 1606 Matlreo

390 1641 561 1729 Rubeo,
589 1649 701 1714 sexta
725 1635 819 1712 dom.
845 1633 1047 1712 Jordano
1075 1633 1261 1724 cardinali,
1288 1635 1443 1735 septima
1467 1632 1560 1710 dom.
1589 1634 1820 1726 Firmano,
1848 1643 1981 1709 octava
2005 1633 2083 1740 fru-¹

391 1744 433 1818 tri
460 1740 698 1839 Boguulao
724 1739 993 1839 penitenciurio.

496 2155 807 2228 procuratoribus
832 2153 980 2247 quidem
1003 2153 1066 2222 sie.

495 2257 668 2332 Mittimus
685 2253 790 2328 vobis
807 2253 1018 2351 rescriptum
1043 2249 1174 2339 littere,
1202 2274 1304 2348 quant
1328 2249 1558 2326 venerabiles
1576 2247 1709 2325 fraces
1726 2247 2083 2325 Wladislauien-

393 2362 459 2437 sis
493 2371 531 2436 et
562 2356 896 2434 Poznaniensis
937 2352 1100 2454 episcopi
1134 2377 1244 2453 super
1275 2353 1429 2452 negocio
1464 2353 1627 2429 ecclesie
1660 2363 1783 2428 nostre
1815 2351 1970 2451 dirigunt
2002 2350 2084 2430 sedi

393 2464 595 2564 apostolice
605 2461 648 2551 ²),
676 2460 771 2536 sicut
790 2460 836 2532 ab
855 2479 902 2533 ea
918 2465 1133 2558 receperunt
1149 2457 1185 2530 in
1203 2453 1381 2532 mandatis
1408 2467 1446 2530 nt
1470 2457 1585 2558 ipsum
1611 2455 1752 2532 domino
1769 2479 1865 2556 pape
1890 2466 2084 2556 presente·

392 2567 458 2656 tis,
494 2563 764 2642 desolacionem
790 2561 954 2638 ecclesie
980 2571 1119 2650 nostre,
1152 2584 1176 2634 a
1202 2585 1273 2658 qna
1298 2558 1375 2634 dux
1400 2561 1536 2634 Wrat.
1563 2585 1689 2634 mamus
1720 2559 1900 2636 violentas
1926 2583 1996 2636 non
2021 2583 2085 2638 re·¹

392 2669 512 2760 trahit,
540 2679 778 2766 exponentes.
835 2664 1064 2740 Venerabilis
1092 2663 1207 2739 eciam
1232 2675 1348 2764 pater,
1376 2661 1468 2740 dom.
1496 2664 1794 2764 archiepiscopus
1821 2672 1932 2764 super
1953 2661 2082 2740 eodem

392 2771 494 2848 facto
520 2770 621 2844 mittit
648 2768 739 2844 dom.
767 2793 863 2869 pape
891 2778 928 2844 et
954 2763 1164 2866 quibusdum
1191 2765 1435 2844 cardinalibus
1468 2791 1557 2842 suas
1590 2767 1730 2842 litteras
1766 2777 1805 2842 et
1831 2791 1897 2842 nos
1923 2767 2084 2844 similiter

395 2885 433 2950 et
459 2873 618 2949 omnibus
645 2869 893 2960 cardinalibus,
917 2892 1018 2944 unam
1044 2871 1208 2962 litteram,
1237 2883 1274 2946 et
1299 2870 1522 2972 specialibus
1549 2869 1792 2946 cardinalibus
1819 2869 2016 2970 speciales,
2044 2881 2082 2946 et

306 3009 314 3029 ·
394 2977 508 3053 eciam
535 2973 628 3051 dom.
655 2999 768 3076 pape,
803 2973 896 3050 dom.
923 2975 1130 3048 Firmano
1158 2983 1195 3050 et
1221 2972 1322 3051 fratri
1347 2973 1583 3072 Boguzlan
1617 2983 1761 3050 nostras
1787 2973 1928 3050 litteras
1954 2971 2081 3072 dirigi·

392 3102 489 3170 mus,
522 3104 613 3178 quas
647 3078 719 3168 eis,
753 3079 921 3177 exposito
948 3077 1113 3155 ecclesie
1145 3088 1267 3153 nostre
1294 3089 1389 3152 statu
1417 3077 1629 3168 miserabili,
1663 3078 1902 3177 presentetis,
1937 3101 2082 3186 qnprum

392 3183 540 3256 omnium
569 3191 766 3258 nostrarum
791 3182 985 3256 litterarum
1011 3182 1116 3256 robis
1143 3181 1282 3280 copiam
1299 3181 1334 3256 in
1354 3179 1488 3256 cedula
1512 3181 1678 3254 mittimus
1696 3180 1861 3280 speciali.
1903 3179 1957 3254 Et
1981 3181 2083 3258 scia·

391 3286 459 3375 tis,
487 3283 583 3382 quod
609 3309 633 3358 a
658 3282 869 3382 quibusdam
901 3284 1027 3358 amieis
1054 3283 1186 3358 nostris
1212 3283 1283 3382 ipsi
1309 3281 1394 3360 duci
1417 3283 1651 3358 familiaribus
1678 3295 1778 3360 certo
1805 3284 1949 3360 cercius
1975 3284 2082 3360 intel-

392 3386 565 3478 leximus,
599 3384 694 3484 quod
724 3385 818 3460 idem
852 3383 928 3458 dux
948 3375 1031 3462 ‘neo
1064 3383 1112 3460 de
1145 3385 1277 3460 ablatis
1309 3389 1419 3462 rebus
1445 3387 1608 3463 ecclesie
1634 3387 1710 3460 vnlt
1737 3387 1979 3481 satisfacere,
2013 3411 2083 3465 nee
2200 3455 2201 3458 t

393 3513 473 3566 cnm
500 3513 547 3564 ea
572 3485 796 3586 aliquomodo
821 3488 1021 3564 voluntarie
1048 3486 1292 3581 concordare,
1329 3501 1534 3591 expectans
1566 3500 1711 3566 mortem
1736 3487 1829 3564 dom.
1864 3515 1960 3592 pape
1990 3515 2082 3568 nnnc

392 3591 573 3690 presentis
585 3590 614 3676 ³)
642 3599 680 3664 et
706 3614 877 3690 sperans,
914 3588 1008 3690 quod
1036 3589 1170 3666 debeat
1195 3591 1331 3669 habere
1357 3597 1440 3692 ejus
1466 3593 1583 3692 magis
1610 3594 1679 3669 sibi
1704 3594 1898 3694 propicium
1925 3619 2081 3672 succes-

392 3713 522 3768 sorem.
558 3689 676 3784 Unde,
704 3693 737 3766 si
762 3691 906 3768 ridetur
929 3693 1046 3786 vobis,
1075 3719 1152 3770 cnm
1179 3719 1247 3769 nos
1274 3694 1466 3772 credamus
1484 3721 1573 3772 esse
1600 3693 1815 3797 expediens,
1843 3695 1939 3796 quod
1965 3695 2080 3774 eidem

392 3793 478 3870 duci
503 3819 528 3870 a
553 3791 645 3868 dom.
673 3819 771 3896 papa
799 3795 920 3874 littera
945 3795 1118 3896 dirigatur
1152 3807 1330 3874 consueta
1362 3801 1699 3892 excommunicatis,
1733 3801 1770 3874 in
1796 3825 1867 3899 qua
1899 3824 1977 3875 enm
2003 3824 2081 3876 mo-

392 3906 478 3974 neat
504 3907 541 3972 et
566 3894 710 3974 mandet
736 3898 816 3988 sibi,
844 3909 880 3972 ut
905 3923 984 3992 nos,
1012 3901 1208 3978 canonicos
1234 3913 1379 3977 nostros
1406 3913 1444 3978 et
1469 3915 1627 3981 ceterum
1651 3903 1785 3980 olerum
1811 3901 1860 3978 ad
1884 3904 1971 3980 loca
1994 3927 2081 4004 pro-

416 4000 471 4074 ria
504 4010 655 4076 revocet
688 4007 725 4074 et
757 4001 963 4078 satisfaciat
995 3995 1158 4080 ecclesie
1185 4001 1234 4080 de
1267 4005 1416 4099 ablatis,
1451 4005 1595 4082 addens
1615 4003 1951 4100 'comminacionem
1986 4009 2084 4084 sient

391 4025 485 4178 dom.
512 4126 609 4204 pape
633 4100 812 4179 videbitur
838 4102 1026 4206 expedire,
1052 4106 1113 4183 rel
1140 4109 1174 4184 si
1190 4108 1387 4184 Romana
1413 4110 1578 4187 ecclesia
1604 4112 1704 4188 cirea
1720 4110 1855 4186 Wrat.
1884 4109 2090 4188 ecclesiam

392 4208 531 4300 majori
555 4213 694 4281 moveri
719 4214 875 4282 voluerit
897 4216 1038 4304 pietate
1057 4224 1095 4284 et
1109 4217 1233 4308 ipsum
1253 4218 1387 4287 ducem
1404 4221 1595 4289 materiali
1609 4219 1743 4314 gladio
1761 4219 1971 4302 culter-cere,
1998 4226 2081 4291 tunc

392 4307 593 4406 optineatur
616 4333 641 4384 a
666 4307 759 4384 sede
785 4310 990 4409 apostolica
1014 4310 1137 4386 littera
1161 4311 1211 4390 ad
1228 4312 1321 4390 dern.
1349 4316 1661 4419 archiepiscopum
1687 4325 1844 4393 nostrum
1870 4326 1908 4392 et
1932 4318 2081 4418 episco-

390 4431 473 4509 pum
498 4409 956 4504 Wladislauiensem,
984 4427 1024 4486 ut
1045 4421 1244 4501 ecelesias,
1274 4417 1310 4492 in
1336 4419 1463 4516 quibus
1496 4416 1643 4517 aliquod
1662 4423 1727 4518 jus
1752 4419 1892 4496 habere
1918 4418 2081 4499 dinosci·

391 4521 464 4603 tur,
491 4516 542 4586 ab
564 4515 649 4607 ejus
672 4517 795 4588 debito
821 4519 1016 4589 absolvant
1029 4529 1068 4589 et
1072 4520 1219 4613 fideles
1236 4526 1365 4618 ipsius,
1391 4527 1570 4619 quamdiu
1587 4528 1626 4595 iu
1642 4531 2028 4602 excommunicacioue
2046 4540 2089 4602 et

436 4763 469 4840 1)
496 4756 642 4823 N'a‘mlich
664 4784 736 4825 vum
757 4759 904 4826 Bischofe
925 4761 1069 4828 Thomas
1090 4787 1154 4831 von
1175 4765 1312 4832 Breslau.

434 4845 469 5006 Β
495 4841 534 4905 Ν.
556 4843 667 4908 ccvti
687 4867 760 4909 vom
780 4847 812 4909 5.
834 4846 1011 4910 December
1035 4847 1126 4914 1286.

498 4923 659 4990 Wirltlich
679 4927 765 4992 sturlo
788 4929 884 5017 Pepst
904 4931 1065 4998 Honorius
1087 4933 1140 4997 lV.
1163 4930 1239 4998 bald
1261 4931 1390 5018 darauf,
1411 4933 1440 5003 3.
1463 4935 1555 5028 April
1579 4939 1671 5006 128⁷.
