4552 5786
408 517 488 595 8ss
888 517 1204 592 ··.‘'Ut·lmda52
1255 515 1546 592 mm..-
1583 536 1625 583 -u

410 725 479 800 trs
510 721 656 814 nostris,
688 721 870 798 Bouario
900 721 1051 820 reffl'bn's
1077 731 1203 798 coma
1234 721 1670 823 qnmnmqoe'prlnoipes
1695 719 1799 796 nous
1822 717 2098 796 nebullus-ene

409 824 545 904 debent
569 839 717 924 operto,
745 825 825 902 she
850 837 969 901 tanen
990 822 1195 926 prujrtliuiu
1221 825 1396 916 ecclesie,
1421 838 1526 926 prout
1549 826 1620 902 lnce
1645 823 1766 900 unia
1785 824 1821 898 in
1844 823 1957 900 certis
1982 823 2097 899 literis

409 928 571 1032 desuper
594 929 712 1005 tonus
730 939 769 1004 et
792 926 892 1004 datis
918 928 1052 1007 clarius
1072 939 1162 1004 ¹oont
1186 951 1369 1030 expressa
1384 930 1425 1020 l),
1468 929 1583 1021 nobis,
1610 926 1806 1004 heredibus
1832 939 1871 1003 et
1895 951 2099 1004 necesso·-

410 1035 512 1110 ribos
537 1031 682 1124 nostris,
709 1033 1063 1132 Boemieregibum
1081 1033 1293 1134 promisisse
1302 1044 1509 1125 umorum,
1535 1037 1728 1134 eapropter
1743 1029 2099 1108 &diffisus-

409 1139 557 1226 mouns,
583 1136 746 1238 prelatis,
773 1137 958 1214 onomius
983 1147 1023 1212 et
1055 1137 1212 1237 capitulo
1235 1136 1370 1212 Wrat.
1398 1134 1449 1212 de
1471 1133 1736 1238 indempnitatis
1753 1133 1914 1212 remedio
1939 1133 2101 1236 desuper

408 1237 604 1344 providero
627 1239 816 1329 volentes,
841 1241 1030 1342 presertim
1056 1251 1095 1314 ut
1119 1239 1324 1340 hujusmodi
1349 1249 1527 1318 structure
1546 1265 1616 1342 pro
1643 1239 1816 1318 communi
1842 1239 1935 1314 bonu
1960 1237 2096 1314 Wrat.

409 1343 574 1424 ecclesie
599 1344 680 1420 sine
698 1345 832 1444 quovis
855 1345 1046 1420 mo
1072 1341 1199 1420 dedite
1218 1344 1464 1446 compluuntur
1490 1343 1669 1420 ormi·-
1693 1343 1808 1434 nobis,
1836 1340 2034 1419 heredibus
2060 1355 2099 1418 et

409 1448 692 1526 suecessoribus
724 1448 857 1524 noscis
887 1447 1145 1550 promissiones
1178 1445 1383 1548 hujusmodi
1410 1447 1557 1524 renitor
1590 1449 1819 1548 impostorum
1850 1448 2097 1534 charentum

409 1553 526 1630 anno
552 1549 755 1628 deliberato
779 1563 893 1628 etex
909 1555 1023 1630 cem
1046 1561 1171 1627 nostra
1195 1552 1359 1630 sciencia
1383 1552 1607 1652 promisimus
1626 1563 1664 1627 et
1679 1552 1877 1652 pronubis,
1904 1547 2098 1626 heredium

410 1669 458 1734 ot
474 1656 754 1734 suecessoribus
766 1658 915 1748 nostris,
941 1656 1122 1732 Boemie
1139 1656 1299 1754 regibus,
1322 1655 1551 1756 presentibus
1567 1651 1988 1757 promitn'msdntofide
2001 1650 2099 1754 quud

409 1759 615 1836 nullatenus
639 1759 880 1860 permittemus
906 1771 968 1836 aut
991 1757 1258 1859 quomndufitnet
1283 1758 1475 1860 paciemur,
1499 1756 1598 1860 qnod
1612 1783 1790 1860 persona,=
1809 1759 1868 1836 cui
1892 1755 2003 1834 dante
2028 1754 2098 1832 do-

410 1864 503 1942 nnino
529 1888 595 1966 per
620 1863 857 1966 apostolicam
884 1861 1011 1940 sedem
1034 1863 1143 1939 fuerit
1164 1861 1215 1939 de
1229 1863 1548 1940 ecclesia·Wrat.'
1574 1863 1765 1964 provisu,
1791 1859 2003 1962 perdimus
2027 1858 2097 1935 nd-

411 1967 689 2060 ministratores,
722 1967 900 2069 prelatos,
935 1968 1132 2046 canonicos
1158 1979 1196 2044 et
1221 1967 1412 2068 capitulum
1437 1967 1472 2042 in
1498 1967 1634 2042 Wrat.
1662 1966 1869 2067 episcopum
1896 1975 2099 2040 assumatur

412 2083 451 2150 et
475 2071 668 2172 recipiatur
693 2095 760 2146 sen
788 2071 823 2146 ei
848 2094 915 2172 per
940 2095 1007 2146 eos
1033 2068 1221 2146 obediatur
1243 2071 1304 2147 rel
1332 2071 1530 2162 civitatum,
1559 2069 1760 2172 opidorum
1785 2081 1995 2159 nostrorum,
2021 2081 2097 2144 ter-

411 2199 544 2262 rarum,
576 2175 741 2249 bonorum
773 2185 810 2249 et
835 2185 1066 2273 proventuum
1099 2169 1264 2274 ejusdem
1297 2176 1533 2275 episcopatus
1564 2175 1757 2276 possessio
1789 2173 1916 2272 quavis
1951 2173 2097 2250 racione

411 2275 584 2370 undamn,
610 2277 679 2352 uisi
704 2275 803 2377 prins
827 2272 935 2367 idem,
963 2274 1021 2352 cui
1046 2275 1152 2351 luerit
1170 2273 1226 2352 de
1251 2275 1353 2354 dictu
1376 2277 1545 2354 ecclesio
1561 2277 1697 2354 Wra't.
1724 2277 1914 2378 pruvinum,
1940 2301 2004 2378 pro
2031 2301 2096 2351 un-

412 2383 481 2474 itis,
509 2378 705 2457 heredibus
731 2390 769 2454 et
793 2379 1071 2455 successoribus
1097 2379 1241 2471 nostris,
1268 2380 1448 2456 Boemie
1474 2383 1639 2480 regibus,
1666 2378 1715 2458 de
1741 2393 1780 2457 et
1804 2405 1914 2481 super
1937 2380 2098 2456 omnibus

411 2480 766 2586 punctis-quedlotim
794 2483 1004 2581 singnnnte'r
1027 2479 1076 2558 de
1102 2480 1288 2582 cingendo
1302 2485 1413 2558 totum
1428 2482 1610 2561 Summum
1635 2504 1749 2576 muro,
1776 2485 1948 2576 tutoribus,
1973 2484 2096 2585 portis,

413 2587 579 2689 pontibus
614 2597 651 2662 et
674 2584 853 2662 clausuris
884 2591 939 2662 ac'·
958 2583 1163 2663 edificanda
1189 2585 1551 2689 imbitaeione··regia
1584 2587 1627 2664 in·
1652 2587 1907 2690 pedemontis
1933 2587 2097 2664 ecclesie

415 2717 447 2764 s.
476 2685 608 2774 Caucis
633 2685 797 2789 predicte
823 2713 961 2770 necnon
987 2687 1035 2768 de
1063 2689 1258 2792 aperoione
1283 2704 1354 2770 tam
1380 2689 1516 2770 Summi
1534 2693 1659 2776 ,nonio
1684 2717 1781 2772 muro
1807 2716 1911 2790 qutun
1936 2691 2097 2768 omnibus

389 2803 453 2892 ct
485 2790 637 2890 singulis
671 2793 820 2883 castris,
854 2791 972 2894 opidis
1003 2805 1040 2870 et
1072 2791 1261 2870 fortaliciis
1294 2795 1458 2872 ecclesie
1488 2809 1526 2873 et
1598 2798 1785 2897 isoopatns
1811 2795 1946 2870 Wrat.
1980 2796 2093 2885 notris,

413 2892 609 2972 heredibus
635 2905 672 2972 et
698 2897 975 2973 successoribus
1000 2898 1145 2994 nostris,
1158 2900 1195 2996 ,Β
1204 2901 1344 2996 oemio
1370 2900 1516 3000 regibus
1606 2924 1743 2978 omnem
1759 2899 2012 2977 necessitatem
2024 2921 2092 2973 no·

295 3043 324 3075 ..·
414 3013 534 3092 stram,
561 2997 655 3106 sicut
677 2999 898 3104 premittitur,
924 3025 990 3104 per
1016 3026 1104 3076 suas
1123 3012 1160 3078 et
1178 3001 1324 3104 capituli
1349 3001 1474 3079 lite'ras
1501 3002 1704 3080 autenticas
1730 3001 1832 3078 nobis
1844 2999 2094 3106 ydoneamle-

414 3101 750 3182 ceritcaucinnem.
802 3099 1094 3210 Insuper'dictis
1126 3103 1487 3200 administratoribus,
1522 3107 1688 3209 prelatis,
1716 3107 1905 3186 canonicis
1928 3122 1966 3183 et
1991 3105 2094 3208 eapi-

413 3203 488 3281 t‘ulo
515 3205 650 3282 Wrat.
678 3206 840 3283 ecclesie
866 3205 1043 3306 decerta
1069 3209 1481 3310 scienciapromittimns
1500 3213 1593 3286 borna
1610 3209 1695 3301 fide,
1722 3208 1817 3310 quod
1832 3217 2000 3314 'tempore
2026 3235 2094 3283 ra·

416 3309 576 3387 nacionis
603 3310 765 3386 ecclesie
794 3325 831 3386 et
857 3313 971 3388 eciam
1027 3325 1084 3387 ost
1110 3313 1456 3414 provisionem'ejus
1477 3313 1692 3391 nullatenus
1724 3315 1907 3418 paciemur
1940 3337 2008 3390 uec
2035 3313 2095 3388 'ra-

416 3413 520 3490 cione
538 3413 658 3514 aliquo
682 3413 933 3516 permittemus,
961 3337 1280 3509 administratores,
1307 3417 1479 3520 prelatos,
1508 3419 1714 3508 canonicos,
1742 3417 1932 3519 capitulum
1956 3421 2002 3494 et'
2017 3419 2095 3493 ele·

416 3541 489 3614 rum
515 3542 580 3620 per
605 3517 841 3618 apostolicam
867 3515 1004 3620 sedem,
1033 3517 1206 3596 domiuum
1233 3514 1581 3596 nostrum'snmmum
1607 3521 1807 3624 pontificem
1833 3537 1895 3598 aut
1920 3517 2096 3598 collecto-

415 3643 488 3696 rem
516 3644 635 3694 eorum
661 3645 929 3722 quemcumque,
965 3617 1161 3726 occasione
1187 3649 1253 3726 seu
1282 3649 1398 3701 causa
1417 3625 1680 3728 'percepcionis
1714 3625 1886 3701 fructuum
1920 3651 1985 3702 seu
2012 3649 2095 3726 pro·

415 3737 580 3800 ventuum
615 3723 780 3799 bonorum
810 3750 934 3802 meuse
969 3725 1189 3830 episcopalis
1222 3753 1288 3804 sen
1322 3730 1468 3807 racione
1501 3741 1723 3824 conaturum
1757 3742 2015 3832 perceptarum.
2036 3741 2096 3804 aut

416 3837 664 3932 perceptorum
689 3825 789 3904 'sede
820 3841 975 3932 vacante
1008 3829 1069 3930 vel
1101 3833 1367 3934 quibuscunque
1401 3833 1567 3909 collectis
1600 3843 1662 3908 aut
1687 3823 1837 3909 decimis
1870 3831 2011 3910 decime
2036 3833 2096 3908 rel

416 3929 499 4007 aliis
525 3956 668 4008 onerum
692 3920 980 4034 imposiciorlibus
1013 3933 1139 4010 suturis
1166 3927 1443 4037 quibuscumque
1477 3950 1513 4012 et
1547 3935 1837 4038 qualitercunque
1861 3933 2095 4041 imponendis,
2128 3937 2134 3952 '

418 4034 560 4113 decima
585 4031 726 4112 decime
750 4061 815 4138 pro
840 4037 965 4114 itinere
991 4051 1112 4114 nostro
1135 4065 1266 4115 versus
1284 4040 1455 4116 Romam
1474 4037 1659 4116 dumtaxat
1677 4053 1846 4140 excepta,
1865 4037 2096 4142 quovismodo
2159 4040 2180 4140 ss

418 4139 580 4242 gravari,
614 4140 808 4240 constringi
842 4141 903 4217 rel
937 4139 1161 4244 aliquatenus
1193 4143 1376 4222 molestari
1410 4143 1480 4221 sed
1511 4142 1708 4238 ecclesiam
1733 4145 1889 4236 Wrat.‚
1924 4145 2095 4247 prelatus,

419 4243 608 4345 capitulum
640 4251 746 4345 atque
780 4243 930 4339 clerum,
954 4246 1021 4348 'qui
1048 4271 1097 4341 ex
1124 4242 1263 4346 diutina
1289 4249 1489 4360 vocacione
1515 4245 1650 4324 Wrat'.
1686 4247 1848 4328 ecclesie
1879 4248 1913 4322 in
1940 4245 2096 4324 diversis

419 4439 723 4470 mmm-'¹¹⁴

464 4557 493 4632 ι)
521 4551 612 4618 nuo
635 4551 789 4619 urrunnu
802 4552 851 4628 {m
872 4552 960 4622 uem
981 4552 1079 4620 mem
1092 4545 1291 4644 votionum,
1312 4549 1396 4627 uoco
1417 4557 1542 4626 nemu
1563 4553 1630 4620 sou
1652 4535 1886 4620 unumunurn
1907 4551 2023 4619 umus
2040 4551 2097 4616 uer

436 4649 438 4659 '
523 4636 1444 4731 Inhnltd'erwiohtigenUrluudevom'27;=tttai1382‚
1470 4639 1570 4707 durch
1597 4637 1716 4706 welche
1738 4639 1794 4705 das
1816 4637 2016 4729 Domuapitel
2037 4639 2096 4703 be-

524 4720 632 4802 lrennt,
654 4723 711 4788 der
733 4723 845 4792 Krone
866 4725 1010 4791 Btihmen
1038 4725 1083 4792 uls
1111 4727 1261 4794 Petronio
1288 4729 1345 4792 der·
1366 4725 1528 4793 Breslnuer
1550 4723 1684 4804 Kirche‚
1707 4725 1883 4791 Gehorsam
1904 4723 1970 4788 und
1991 4723 2095 4787 Trene

525 4805 645 4874 schuldi
695 4833 734 4873 zu
760 4833 850 4901 seyn,
879 4811 930 4876 die
952 4810 1116 4877 Dominsel
1138 4811 1310 4903 hefestigen
1348 4814 1414 4877 und
1443 4812 1515 4876 dem
1548 4810 1676 4902 Kdnige
1703 4811 1796 4875 einen
1823 4807 1927 4874 Pulust
1958 4809 2095 4873 erbauon

437 4918 441 4932 ·
513 4915 571 5042 ἷςιι1
586 4833 1052 5050 ”lllffsseffil'effilffi'
1067 4898 1090 4979 l,
1111 4921 1148 4998 p
1158 4895 1244 4964 tul·
1273 4895 1457 4990 Vergleiehe
1486 4895 1676 4963 noco-uber·
1702 4895 1787 4961 dieue
1809 4893 2095 4989 Angelegenlneiten

559 4999 623 5044 ‘080
828 5005 871 5047 ''s''
901 5026 910 5048 u
1040 5027 1067 5050 ι·
1204 5013 1218 5034 ·“
1281 4999 1285 5032 l
1677 5005 1679 5010 ¹
1748 5003 1751 5012 ’
