4552 5786
401 489 511 592 'acu¹
919 493 1132 568 worcarum.
1189 491 1356 566 ccxcv.
1387 491 1582 568 uexere

401 709 476 772 atro
502 693 671 790 dilecto,
690 695 802 772 libero
829 719 970 770 suorum
997 693 1168 772 heredum
1195 693 1340 774 adhoc
1366 694 1570 774 accedente
1596 719 1795 790 consensu,
1831 695 2027 798 empcionis
2054 707 2094 774 et

399 798 625 878 vendicionis
658 799 771 902 tytulo
803 798 1063 876 interveniente
1095 800 1172 874 suis
1203 798 1366 900 pecuniis
1392 813 1630 902 conpararent
1664 801 1719 878 eis
1746 805 1977 900 topheodnre
2006 824 2094 876 eos-

400 929 470 1006 que
496 905 634 980 nomine
662 916 700 979 et
725 903 840 1006 tytulo
866 905 944 979 veri
969 901 1103 1005 pheodi
1128 905 1302 1000 investire
1329 902 1376 979 de
1401 904 1504 1004 regie
1529 905 1734 1004 majestatis
1760 903 2001 980 munificentia
2036 900 2093 979 di·
2167 907 2174 914 “

400 1033 599 1110 gnaremur.
652 1007 735 1084 Nos
762 1033 881 1084 eorum
902 1009 1015 1108 justis
1042 1017 1240 1084 annuentes
1266 1007 1506 1110 petitionibus,
1542 1009 1656 1110 ipsos,
1684 1007 1859 1085 videlicet
1886 1009 2094 1110 episcopum

401 1126 439 1189 et
461 1109 646 1214 predictos
673 1123 925 1212 procuratores
960 1111 1118 1214 capituli,
1152 1111 1239 1188 vice'
1269 1122 1307 1189 et
1339 1111 1644 1220 nominessrWrat.
1680 1112 1844 1189 ecclesie
1872 1139 1914 1186 su
1942 1109 2094 1204 radicte,

282 1295 285 1302 ,
401 1215 450 1294 de
481 1217 584 1292 bonis
617 1214 793 1317 predictis
825 1217 963 1292 nomine
996 1223 1076 1290 vert
1108 1219 1247 1314 pluendi
1254 1275 1263 1302 ,
1303 1210 1505 1292 secundum
1534 1227 1692 1292 naturam
1726 1227 1763 1292 et
1795 1219 1867 1313 juo
1903 1243 2093 1292 commune

399 1327 554 1426 pheadr',
581 1331 729 1422 recepto
755 1319 915 1420 primitus
938 1330 976 1396 et
1000 1319 1152 1421 prestito
1178 1321 1224 1395 ab
1252 1317 1380 1396 eodem
1407 1319 1582 1421 episcopo
1609 1331 1647 1396 et
1671 1319 1962 1422 procuratoribus
1988 1331 2094 1396 anto-

401 1422 511 1500 dictis
538 1423 645 1498 solito
672 1436 709 1500 et
735 1421 856 1498 debito
877 1427 1092 1522 juramento,
1119 1422 1366 1500 investivimus
1393 1435 1431 1500 et
1455 1423 1684 1524 presentibus
1711 1424 1934 1515 investimus
1962 1435 2000 1498 ut
2024 1424 2095 1524 ipsi

402 1529 597 1630 episcopus
624 1537 661 1604 et
689 1527 880 1628 capitulum
906 1553 952 1606 oc
978 1551 1222 1612 successores
1248 1551 1369 1604 eorum
1401 1527 1505 1604 nobis
1540 1545 1577 1602 et
1609 1525 1804 1606 heredibus
1837 1527 1970 1606 nostris
2005 1551 2094 1604 suc-

401 1631 611 1710 cessoribus
644 1631 791 1730 regibus
823 1631 1022 1726 Boemie,
1057 1631 1115 1732 qui
1147 1658 1210 1732 pro
1244 1643 1403 1734 tempore
1436 1631 1584 1722 luerint,
1618 1625 1793 1732 tamquam
1827 1639 1925 1708 veris
1952 1637 2118 1732 poenus«

401 1743 560 1832 domimo
589 1733 736 1812 racione
763 1737 929 1812 bonorum
961 1733 1199 1838 predictorum
1225 1746 1434 1812 constanter
1464 1749 1503 1811 et
1527 1731 1684 1812 fideliter
1716 1729 1765 1814 de
1793 1745 1917 1812 cetero
1943 1749 2095 1838 pareant

403 1853 441 1918 et
467 1835 662 1914 intendant.
714 1839 754 1912 ln
782 1843 887 1938 cujus
915 1840 967 1914 rei
992 1839 1227 1916 testinnonium
1254 1853 1446 1940 presentes
1472 1839 1549 1916 fieri
1577 1851 1614 1914 et
1641 1839 1752 1940 sigilli
1781 1839 1893 1916 nostri
1918 1839 2094 1916 voluimus

401 1943 625 2049 appensione
651 1942 784 2018 muniri.
845 1945 976 2020 Actum
1004 1957 1041 2020 et
1067 1941 1187 2018 datum
1213 1943 1381 2043 Prage,
1414 1943 1643 2044 presentibus
1677 1941 1728 2018 ill.
1754 1941 1928 2020 Karolo
1962 1943 2094 2044 primo-

401 2047 523 2148 genito
555 2045 760 2123 marchione
791 2045 1014 2138 Morauie,
1050 2045 1257 2124 Johanne
1285 2045 1380 2124 duce
1404 2045 1651 2124 Kerinthie
1676 2047 1749 2123 lilio
1775 2047 1909 2124 nostris
1935 2045 2094 2138 dilectis,

400 2149 604 2226 Bolcouc
637 2147 732 2226 duce
758 2147 1017 2250 Opoliensi,
1051 2149 1248 2224 Henrico
1281 2147 1376 2228 duce
1413 2148 1676 2250 Saganensi
1708 2151 1926 2256 principibus
1961 2151 2093 2226 nostris

402 2279 542 2342 necnon
569 2251 782 2330 reverendis
808 2251 841 2326 io
869 2250 1017 2332 Christo
1043 2253 1213 2352 patribus,
1245 2249 1338 2326 dom.
1366 2255 1560 2330 Arnesto
1588 2281 1619 2330 s.
1648 2253 1903 2356 Pragensis
1930 2255 2109 2336 ecclesie·

402 2357 678 2460 archiepiscopo
712 2367 749 2432 et
779 2355 806 2431 J
813 2354 985 2432 ohanne
1025 2355 1199 2457 episcopo
1232 2355 1455 2434 lllisnensi
1495 2382 1541 2434 ac
1575 2355 1742 2436 fidelibus
1775 2359 1909 2436 nostris
1949 2357 2094 2438 dilectis

402 2463 648 2538 Rerrnnone
675 2456 722 2535 de
748 2457 938 2550 Planco,
957 2459 1189 2561 ·llyneone
1216 2457 1314 2538 dicto
1341 2459 1493 2536 Berka
1524 2459 1574 2536 de
1600 2461 1730 2537 Duha
1762 2463 1951 2564 purcravio
1978 2465 2094 2538 Pra-

402 2565 542 2664 gensi,
570 2559 832 2664 Henricode
850 2561 1183 2663 Luchtenburo,
1202 2562 1438 2642 Wancone
1456 2563 1504 2640 de
1522 2565 1832 2644 Wartenbere
1850 2579 1888 2644 et
1904 2565 1987 2642 aliis
2013 2567 2094 2668 plu·
2159 2637 2165 2651 ‚

403 2669 499 2742 ribus
526 2667 729 2758 baronibus,
756 2665 904 2742 clericis
931 2678 967 2742 et
994 2667 1159 2742 militibus
1185 2664 1258 2742 lide
1284 2665 1415 2768 dignis,
1442 2668 1477 2744 in
1505 2665 1566 2744 die
1593 2697 1624 2746 s.
1641 2669 1852 2764 Clementis,
1879 2696 1971 2748 anno
1998 2669 2091 2748 dom.

403 2770 588 2850 millesimo
617 2769 868 2846 trecentesimo
896 2768 1172 2869 quadragesimo
1198 2781 1335 2872 quarto.
1385 2821 1389 2831 ·

507 2873 641 2949 Nol..
679 2873 800 2972 ..¹)go
827 2873 965 2948 omnino
997 2873 1171 2950 hominum
1203 2875 1314 2952 liceat
1348 2875 1443 2952 hanc
1474 2877 1641 2978 paginam
1668 2890 1790 2954 nostre
1817 2876 2089 2954 confirmationis

403 2991 441 3056 et
466 2977 703 3082 suppletionis
730 2975 925 3074 infringere
950 2977 1012 3070 vel
1037 2978 1071 3054 ei
1098 3003 1189 3054 ausu
1214 2979 1403 3057 temerario
1431 2979 1620 3074 contraire,
1648 2981 1773 3082 siquis
1800 2991 1918 3058 curtem
1934 2981 2003 3056 hoc
2029 2993 2089 3055 at-

403 3095 577 3184 temptare
616 3081 893 3182 presumpserit,
932 3079 1208 3181 indignationem
1246 3083 1494 3185 omnipotentis
1535 3082 1596 3165 dei
1630 3097 1667 3160 et
1701 3087 1882 3161 beatorum
1914 3084 2014 3160 Petri
2053 3098 2092 3161 et

403 3185 509 3264 Pauli
524 3185 773 3288 ,apostolorum
806 3189 888 3282 ejus
921 3209 965 3261 se
997 3187 1134 3262 noverit
1165 3185 1395 3264 incursurum.
1448 3193 1576 3266 Datum
1602 3187 1843 3278 animone,
1877 3185 1985 3266 Xlll.
2017 3189 2090 3266 lra-

403 3287 501 3368 lend.
527 3289 701 3380 Januarii,
729 3287 957 3390 pontificatus
984 3291 1094 3365 nostri
1119 3315 1213 3366 anno
1240 3305 1375 3392 quarto.
1430 3292 1502 3368 Pro
1529 3291 1686 3370 Sicardo
1713 3293 1987 3368 Transmontani.

1125 3705 1369 3806 ccxevr.
1419 3693 1423 3700 “

403 3909 759 3975 tranem-ncubare
802 3909 969 3982 trocaleos,
996 3909 1115 3972 blrcbot
1135 3923 1190 3972 ror
1211 3909 1345 3982 aaran.
1375 3909 1545 3986 protoattrt.
1575 3910 1644 3972 tarr
1672 3924 1704 3970 ar
1726 3924 1781 3970 aar
1808 3855 1898 3970 taret
1919 3909 2089 3986 brotona·

403 4011 506 4074 latam
526 4011 612 4073 Karta
635 4011 677 4072 Π.
700 4025 889 4088 garunnun,
916 4011 1093 4072 mtuntttch
1122 4011 1250 4086 ertum,
1278 4013 1343 4074 dem
1364 4011 1497 4072 urremn
1519 4013 1578 4074 uad
1599 4013 1650 4074 dar
1672 4011 1776 4072 nrum
1803 4003 1887 4074 atahe
1917 4013 1989 4074 uber
2010 4011 2091 4072 rac

628 4117 686 4176 aad
707 4114 910 4176 ltrateatbnm
932 4114 1052 4176 tradar
1078 4116 1137 4174 unt
1159 4117 1247 4177 taren
1268 4114 1418 4178 vermem
1439 4113 1610 4176 nonnemo
1631 4114 1700 4174 tcta
1721 4113 1811 4176 erem
1832 4128 1876 4176 ιι.

825 4259 885 4317 Aua
903 4267 961 4316 dem
979 4265 1112 4334 originale
1129 4267 1163 4316 lm
1180 4267 1298 4318 Archlvc
1315 4269 1361 4318 doe
1379 4267 1548 4334 Domeapltol,
1566 4267 1612 4316 W.
1631 4260 1672 4316 ll.

254 4435 367 4563 rim*
507 4439 550 4514 ln
577 4441 714 4515 nomine
740 4437 870 4514 domini
895 4462 1010 4516 omen.
1063 4439 1171 4514 Anno
1197 4438 1392 4514 nativitatis
1419 4437 1583 4540 ejusdem
1601 4433 1820 4515 Moccnx
1845 4435 2008 4538 septimo,
2033 4434 2090 4508 io·

289 4515 377 4580 '⁵⁸¹'
404 4541 571 4623 diceione
597 4544 737 4643 quinta,
770 4540 875 4617 lllll.
910 4540 971 4618 die
1004 4543 1138 4618 mensis
1163 4542 1340 4642 Augusti,
1372 4539 1462 4618 hura
1495 4542 1598 4642 quasi
1624 4539 1862 4642 completoriifl,
1896 4539 1932 4614 in
1958 4559 2090 4614 summo

406 4648 486 4724 sivo
511 4657 636 4724 castro
660 4645 800 4722 Wrat.
833 4655 917 4722 ante
942 4671 1071 4724 novom
1095 4671 1242 4749 parvam
1268 4647 1408 4722 stubam
1433 4657 1472 4723 et
1497 4655 1717 4724 camenotam
1745 4643 1843 4720 curie
1869 4639 2090 4743 episcopalia

405 4750 546 4826 Wrat.
587 4751 623 4826 in
657 4751 851 4854 presencia
882 4761 1079 4828 nostrorum
1109 4750 1332 4829 Johannis
1364 4749 1661 4852 Apecnconia
1687 4745 1735 4824 de
1760 4743 2085 4834 Wratislania,

325 5044 353 5064 -.
452 4975 485 5052 l)
513 4966 696 5037 Erloschen.
