4634 5762
252 1122 256 1131 .
361 1050 385 1125 ’.
402 1037 505 1149 vaiia
522 1032 685 1155 subsidii
701 1032 1057 1153 postularetipsa'qne
1074 1047 1238 1150 recipere
1258 1069 1303 1122 ac
1322 1043 1494 1146 exigere*

400 532 452 610 il
689 641 694 648 ι
1020 529 1232 606 motat
1268 531 1480 608 “DXVHAE

401 738 608 831 suetudine,
643 762 782 815 necnon
807 761 873 839 per
895 735 1104 836 privilegia,
1132 735 1278 810 arbitria
1301 747 1339 813 et
1361 745 1473 837 pacta
1495 733 1598 810 varia
1630 743 1667 809 et
1684 731 1852 825 diversa,
1880 733 2040 809 omnibus
2058 747 2095 811 et

402 857 496 921 terre
519 841 695 944 predictis
720 840 945 917 exacciones
969 849 1076 938 atque
1103 833 1306 932 eutheos,
1325 833 1468 916 decuon
1493 838 1689 916 servitutes
1715 862 1761 912 ae
1786 837 1944 913 servicia
1963 849 2000 913 et
2018 865 2094 912 mu-

403 972 491 1026 uera
508 971 554 1022 ac
572 971 684 1020 onero
700 941 904 1053 hujusmodi
921 943 956 1016 in
974 943 1086 1017 variis
1115 956 1151 1017 et
1175 941 1333 1018 diversis
1358 943 1518 1045 casibus¹
1556 953 1660 1018 osset
1681 941 1873 1062 inponere,
1901 965 2040 1020 necnon
2059 951 2097 1020 et

1479 1042 1484 1053 '
1515 967 1700 1153 deisdem
1717 1067 1891 1146 ipsosque
1909 1044 1957 1119 ad
1976 1069 2096 1121 eomm

402 1142 666 1258 prestacidnem
686 1149 910 1250 austeritatis
929 1161 965 1224 et
976 1147 1226 1250 jurisdicionis
1252 1173 1318 1224 suo
1344 1149 1491 1225 bracbio
1518 1150 1717 1225 cohercere
1735 1171 1849 1248 seque
1871 1159 1909 1226 et
1923 1147 2096 1252 progeni·

402 1253 501 1335 tores
525 1283 613 1332 suos
629 1259 727 1331 'esse
755 1265 863 1354 atque
886 1252 1003 1329 fnisse
1026 1253 1060 1327 in
1083 1246 1322 1357 possessione
1339 1253 1400 1331 vel
1419 1253 1540 1353 quasi,
1565 1245 1778 1354 inponendi,
1806 1248 2003 1354 recipiendi
2028 1277 2096 1330 seu

402 1358 625 1464 percipiendi
649 1383 695 1435 ac
721 1353 895 1456 exigendi
920 1367 957 1432 et
981 1353 1140 1432 faciendi
1166 1354 1282 1431 omnia
1308 1357 1513 1456 et'siugula
1536 1354 1748 1458 supradicta
1772 1380 1796 1429 a
1813 1367 1972 1457 tempore
1990 1360 2097 1456 cujus

403 1465 571 1542 memoria
597 1488 664 1538 nou
691 1463 836 1554 existit,
870 1471 973 1562 prout
996 1459 1167 1562 predicte.
1186 1461 1303 1536 omns
1328 1471 1366 1537 et
1389 1457 1543 1560 quedam
1567 1459 1642 1535 alia
1661 1461 1696 1533 in
1723 1457 1915 1535 eorundem
1933 1459 2097 1562 episcopi

406 1581 443 1650 et
461 1567 608 1682 capituli
634 1591 679 1644 ac
704 1566 820 1671 ipqius
845 1561 950 1639 ducis
975 1565 1211 1666 peticionibus
1236 1565 1316 1640 sive
1342 1563 1484 1642 cednlis
1500 1575 1547 1663 ‚et
1564 1563 1751 1663 scripturis
1776 1563 1975 1640 venerabili
1992 1563 2096 1666 patri,

405 1669 497 1753 dom.
525 1668 753 1770 Philippo,
789 1663 825 1742 d.
851 1692 905 1768 gr.
930 1665 1125 1742 Firmani
1149 1667 1343 1772 episcopo,
1377 1664 1597 1771 inpartibus
1622 1665 1822 1766 Ungarie
1850 1680 1888 1743 et
1910 1665 2097 1744 Polonie

404 1773 607 1880 apostolice
626 1762 729 1850 se'dis
753 1771 895 1874 legato,
924 1769 1054 1848 oblatis
1073 1772 1153 1847 sive
1173 1769 1343 1848 eitbibitis
1393 1795 1433 1850 er
1450 1796 1517 1848 eos
1539 1769 1682 1874 plenius
1700 1773 1933 1849 narrabantur
1947 1771 1988 1866 ¹),
2016 1782 2098 1846 tan·

349 1949 359 1960 .
405 1879 487 1958 dem
506 1879 758 1985 cpiscopus'et
776 1875 966 1976 capitulum
984 1875 1135 1976 prelati,
1155 1900 1230 1950 suo
1250 1887 1290 1950 et
1304 1798 1468 1952 ecciesie
1492 1875 1650 1976 nomine,
1679 1885 1715 1950 et
1733 1871 1808 1948 dux
1825 1875 2007 1976 prelatus,
2033 1897 2098 1976 pro

405 2009 449 2062 se
475 1995 516 2073 et
529 1981 667 2060 nomine
684 2006 759 2078 ,suo
794 1979 947 2054 affectus
965 2002 1189 2078 gressusque
1215 1978 1303 2052 s'uos
1328 1976 1592 2079 dissensionum
1617 1989 1653 2056 et
1672 1977 1940 2054 contenciouum
1960 1977 2097 2054 relictis

404 2079 510 2169 inviis
529 2097 637 2186 atque
656 2079 872 2184 judiciorum
891 2081 1041 2187 strepitu
1061 2093 1098 2158 et
1117 2081 1339 2157 anfractibus
1364 2081 1585 2181 questionum
1602 2081 1636 2156 in
1655 2082 1749 2158 viam
1766 2083 1871 2182 pacis
1890 2079 1927 2181 et
1945 2105 2098 2158 concor-

406 2189 466 2267 die
498 2186 716 2289 dirigentes,
750 2185 925 2286 prosatum
960 2185 1202 2261 venerabilem
1237 2180 1410 2286 patrem,¹
1434 2181 1527 2260 dom.
1562 2183 1818 2286 Philippum
1852 2180 2097 2260 Firmanum

407 2284 744 2398 episcopumsup'er
762 2278 977 2364 omnibus'et
995 2287 1148 2390 singulis
1168 2287 1387 2390 supradictis
1404 2313 1543 2366 necnon
1562 2289 1778 2389 quibuslibet
1794 2287 1876 2364 aliis
1891 2280 2097 2380 discordiis,

407 2395 652 2500 questionibus
671 2405 707 2471 et
724 2393 845 2468 litibus
862 2392 955 2468 iuter
973 2418 1039 2468 eos
1058 2417 1107 2468 ex
1126 2391 1250 2483 causis
1268 2389 1442 2494 predictis
1462 2395 1611 2486 exortis,
1633 2394 1694 2468 vel
1712 2419 1781 2492 que
1800 2391 1931 2470 exoriri
1948 2403 2099 2494 possent

408 2527 458 2587 ex
483 2499 538 2578 eis
564 2497 625 2574 vel
651 2499 733 2573 aliis
756 2497 1042 2598 quibuscunque,
1076 2496 1260 2588 arbitrum,
1294 2491 1562 2590 dominatorem,
1595 2493 1836 2588 laudatorem,
1864 2493 2097 2586 diffinitorem,

408 2601 645 2680 ordinatorem
671 2613 708 2677 et
725 2594 948 2678 amicabilem
967 2601 1228 2702 conpositorem
1253 2600 1460 2676 unanimiter
1484 2611 1521 2676 et
1545 2597 1773 2680 concorditer
1797 2599 2002 2700 elegerunt,
2029 2623 2098 2676 ex-

410 2705 575 2810 pressius
593 2705 906 2808 conpromittcntes
933 2701 969 2780 iu
985 2705 1099 2806 ipsum
1128 2715 1165 2780 et
1189 2701 1354 2804 ejusdem
1373 2702 1595 2780 ordinacioui
1613 2717 1651 2782 et
1667 2703 1830 2796 arbitrio,
1857 2701 1979 2796 laudo,
2008 2726 2097 2780 con·

409 2809 597 2914 posicioni,
624 2805 831 2884 dilliuieioui
850 2818 887 2909 et
903 2805 1152 2884 reformacioui
1179 2831 1222 2882 se
1241 2803 1289 2883 de
1307 2805 1380 2884 alto
1400 2819 1438 2884 et
1451 2809 1567 2883 basso
1586 2816 1714 2910 sponte
1732 2833 1778 2884 ac
1795 2807 1994 2886 voluntarie
2012 2807 2099 2882 sub-

408 2911 588 2992 mittentes
614 2913 803 2987 voluerunt
827 2921 863 2987 et
888 2911 1102 3012 expressius
1121 2918 1383 2987 concesserunt
1401 2923 1437 2986 et
1455 2936 1505 2988 ex
1523 2923 1625 2988 certa
1636 2908 1806 2990 'sciencia
1828 2921 2097 3000 consenserunt,

409 3029 447 3093 ut
463 3013 558 3094 idem
577 3009 744 3092 dominus
757 3016 882 3117 episco
910 3039 952 3089 us
969 3017 1004 3093 in
1022 3015 1181 3093 omnibns
1200 3011 1303 3090 etde
1321 2997 1479 3090 omnibus
1499 3026 1536 3092 et
1560 3015 1712 3118 singulis
1731 3012 1950 3118 supradictis
1968 3038 2098 3116 proce·

409 3117 564 3219 cedere,
598 3117 777 3216 arbitrari,
808 3042 980 3214 laudare,
1015 3143 1238 3240 conponere,
1274 3115 1462 3210 mandare,
1498 3130 1675 3215 statuere,
1709 3115 1904 3222 disponere
1936 3129 1974 3194 et
2002 3113 2099 3192 ordi-

409 3249 525 3323 nere,
554 3211 754 3318 dec'emere
778 3247 824 3299 ac
849 3223 965 3300 eciam
988 3217 1159 3313 diffinire,
1196 3219 1387 3299 declarare
1418 3233 1456 3298 et
1483 3218 1709 3328 interpretari
1738 3218 1856 3324 possit
1888 3233 1924 3297 et
1954 3219 2099 3308 debeat,

409 3324 601 3428 quociens,
629 3321 789 3426 quando,
816 3327 876 3400 ubi
902 3337 938 3404 et
963 3327 1056 3402 sicut
1083 3323 1152 3400 sibi
1177 3322 1355 3401 videbitur
1380 3321 1574 3426 expedire,
1601 3325 1693 3428 ipsis
1717 3327 1878 3428 partibus
1903 3325 2046 3402 vocetis
2064 3331 2101 3400 et

410 3456 478 3506 non
495 3430 651 3521 voeatis,
679 3427 906 3532 presentibus
926 3438 963 3504 et
980 3425 1201 3518 absentibus,
1230 3427 1309 3505 sive
1327 3455 1398 3504 uua
1414 3443 1586 3529 presente
1605 3439 1642 3505 et
1659 3429 1733 3505 alia
1749 3431 1914 3520 absente,
1941 3425 2100 3502 onuribus

411 3531 540 3610 diebus
558 3531 697 3608 feriatis
717 3545 754 3608 et
771 3555 839 3608 non
856 3530 1009 3608 feriatis.
1014 3533 1109 3632 juris
1134 3529 1258 3606 ordine
1281 3544 1427 3608 servato
1447 3543 1484 3610 et
1501 3558 1568 3607 nou
1587 3545 1754 3626 servato,
1780 3559 1847 3610 seu
1871 3533 1906 3606 in
1924 3531 2100 3632 aliquibus

411 3645 558 3714 servato
584 3645 621 3710 et
645 3628 786 3710 in'aliis
812 3660 880 3708 non
899 3646 1064 3728 servato,
1092 3659 1161 3709 nou
1181 3635 1405 3710 obstantibus
1423 3641 1509 3738 jure
1534 3635 1671 3738 aliquo,
1700 3635 1802 3736 lege,
1830 3632 2100 3726 consuetudine,

411 3736 610 3842 privilegiis
633 3734 694 3818 vel
720 3737 864 3817 statutis
882 3745 951 3811 aut
976 3739 1203 3838 excepcione
1220 3737 1280 3812 vel
1298 3739 1549 3842 appellacioue
1569 3766 1708 3842 quacun
1736 3767 1798 3834 ue,
1824 3763 1960 3842 perque
1979 3750 2103 3816 conba

412 3840 577 3948 ejusdem
602 3837 731 3929 domini
757 3826 920 3944 episcopi
944 3841 1137 3936 arbitrium,
1168 3837 1330 3934 landum,
1365 3843 1674 3944 conposieionem,
1707 3767 1977 3936 diffinicionem,
2005 3839 2102 3919 ordi-

411 3948 615 4042 nacionem,
643 3943 967 4039 ,ret'ormacionerm
1008 3939 1176 4037 decreta,
1220 3950 1355 4021 statuta
1390 3947 1470 4025 sive
1504 3945 1691 4042 mandata,
1735 3945 2012 4026 declaraoiones
2043 3959 2102 4022 aut

411 4050 732 4153 interpretacioues
759 4073 968 4150 quoeunque
993 4045 1099 4126 modo
1122 4045 1331 4127 venire-vel
1356 4049 1481 4143 fecere
1500 4075 1651 4154 seu-per
1668 4059 1793 4129 contra
1811 4077 1858 4127 ea
1873 4054 1997 4157 partes
2019 4049 2102 4150 ipse

413 4165 565 4256 possent
582 4152 846 4256 quomodolibet
864 4178 907 4230 se
926 4153 1033 4245 tueri,
1059 4153 1187 4254 'quibus
1206 4153 1366 4228 omnibus
1390 4155 1685 4251 renunciaverunt
1704 4180 1902 4277 expresse,
1929 4151 2102 4254 predictis

413 4258 571 4356 partibus
591 4254 659 4334 sibi
678 4247 877 4349 adinvicem
895 4257 1189 4358 promittentibus,
1210 4265 1246 4333 et
1265 4255 1336 4360 ipsi
1354 4255 1447 4332 dom.
1467 4252 1640 4365 episeopo
1659 4255 1846 4362 recipienti
1862 4258 2000 4333 nomine
2016 4281 2102 4360 par·

415 4359 505 4436 cium
522 4359 779 4462 predictamm,
807 4358 902 4462 quod
921 4361 1037 4436 omnia
1055 4373 1092 4436 et
1110 4359 1265 4462 singula,
1292 4387 1361 4462 quc
1378 4357 1473 4438 idem
1491 4356 1584 4449 dom.
1604 4363 1811 4466 episcopus,
1837 4361 1953 4437 fretus
1975 4374 2103 4438 aucto-

415 4461 520 4538 ritete
550 4461 754 4564 hujusmodi
781 4464 1015 4566 conpromissi
1048 4459 1247 4538 ordinarius
1278 4461 1496 4560 laudaverit,
1530 4464 2001 4568 composuerit,-statuerit,
2035 4461 2104 4541 de-

416 4565 573 4665 creverit
588 4591 634 4644 ao
651 4591 762 4673 super
778 4565 952 4668 predictis
971 4568 1162 4656 arbitratus
1181 4564 1288 4642 luerit
1303 4567 1396 4644 inter
1421 4594 1506 4662 eos,
1533 4567 1687 4662 sacient,
1713 4569 1896 4672 inplebuut
1918 4593 1964 4645 ac
1987 4566 2103 4646 invio-

414 4663 570 4766 labiliter
593 4665 850 4767 observabunt,
878 4695 946 4746 nec
971 4669 1258 4748 contravenient
1279 4665 1313 4746 in
1331 4663 1506 4773 predictis
1531 4674 1589 4750 vel
1613 4661 1852 4776 predictorum
1870 4669 2007 4772 aliquo,
2036 4695 2106 4772 qne

416 4764 511 4848 idem
529 4765 622 4846 dom.
643 4773 838 4874 episcopus
855 4771 963 4849 suerit
979 4775 1188 4867 arbitratus,
1216 4773 1282 4848 sub
1308 4799 1404 4875 pene
1427 4770 1523 4853 mille
1541 4802 1735 4854 marcarum
1760 4777 1837 4852 auri
1851 4777 1930 4877 'pun'
1947 4770 1997 4851 ad
2013 4800 2107 4877 pon-

461 4995 494 5076 1)
524 4991 617 5056 Diesc
638 4989 787 5056 seheinen
811 4991 843 5056 in
865 4993 927 5056 deu
949 4994 1011 5057 mir·
1031 4993 1214 5059 bekannten
1235 4993 1396 5060 Arebiierr
1412 4995 1501 5062 nicht
1521 4995 1612 5063 mehr
1632 4997 1819 5065 verbunden
1839 5016 1880 5061 nn
1901 5006 1987 5085 beyn.
