4552 5786
793 522 1004 600 Ueientes
1060 523 1254 599 thtt'.
1794 521 1871 602 375

181 738 465 810 armassem
480 745 547 807 out
561 735 664 808 nubta
679 737 926 805 ‹rt-ecelesiae
935 743 1084 804 ιιιιιιι
1099 735 1377 804 mnrium
1397 751 1465 806 seu
1481 727 1707 832 prejutttmm
1723 757 1871 834 quomu-

182 835 321 914 delibet
344 837 496 914 aterum
521 845 562 912 at
584 857 798 934 ςιιιιιιιιιι,
830 833 1045 911 ιιιιιιίιιιι
1077 833 1282 934 apostolica
1314 844 1439 910 tenore
1472 837 1689 936 presentium
1714 865 1870 914 monen-

183 969 282 1027 ιιιιιι,
314 967 523 1026 ιιιιιιιιιιιιι,
556 946 749 1014 irritamus
772 951 811 1012 et
835 942 1025 1012 abolemus
1049 947 1312 1036 mvaestaqce,
1340 959 1454 1014 cassa
1480 947 1517 1014 et
1540 937 1643 1015 irrita
1666 964 1712 1016 ac
1729 941 1872 1017 abolita

47 1077 50 1088 Δ
182 1067 323 1144 vosque
347 1041 395 1119 ad
419 1043 558 1118 illorum
583 1041 870 1118 observationem
901 1039 1041 1116 minime
1074 1041 1188 1116 teneri
1220 1052 1285 1116 ant
1313 1041 1494 1141 obligatos
1520 1065 1609 1118 esse
1641 1055 1679 1119 et
1704 1043 1871 1146 quicquid

182 1169 251 1250 per
274 1145 395 1224 dictos
420 1146 552 1239 duces,
584 1145 766 1246 principes
798 1143 861 1221 rel
885 1141 980 1218 alios
1015 1143 1133 1220 laicos
1164 1155 1331 1246 pretextu
1357 1158 1552 1246 pactorum,
1580 1146 1811 1248 capitulomm
1837 1161 1873 1224 et

183 1261 393 1328 statutorum
419 1247 623 1350 bnjnrmodi
649 1248 721 1324 ullo
746 1271 898 1348 nuquam
931 1259 1090 1348 tempore
1122 1247 1255 1326 lactum
1288 1247 1412 1340 inerit,
1446 1249 1585 1324 irritum·
1604 1261 1643 1326 et
1666 1251 1774 1328 inane
1800 1251 1869 1329 de·-
1998 1324 2002 1332 .

183 1353 361 1432 eerniinus
375 1365 414 1430 et
438 1352 678 1444 declaramus,
705 1375 753 1428 ac
777 1375 841 1453 pro
867 1349 995 1452 potiori
1020 1352 1167 1429 cautela
1182 1381 1247 1428 voa
1262 1381 1288 1426 o
1302 1359 1617 1451 ριιιιίιιίιιιίιιι,
1635 1359 1870 1454 obligations·-

183 1461 252 1534 bcs
268 1472 306 1532 et
314 1462 518 1556 federibus
535 1465 640 1532 circu
656 1462 842 1554 premissa
860 1459 1128 1554 quomodolibet
1149 1463 1317 1555 prestitis
1333 1470 1372 1531 et
1379 1461 1505 1553 sactis
1529 1462 1732 1534 liberamus
1748 1471 1786 1533 et
1801 1461 1870 1533 cb·

182 1568 359 1638 soluimus
383 1583 523 1660 vosque
548 1559 583 1634 in
610 1559 792 1662 pristinum
819 1567 968 1652 statum,
1000 1557 1037 1632 in
1063 1583 1132 1660 quo
1158 1569 1243 1635 ente
1274 1556 1465 1636 editionem
1491 1557 1661 1638 dictnnnn
1688 1572 1870 1662 pactorum

184 1665 298 1742 eratis
324 1663 562 1752 restituimus,
588 1663 791 1764 reponimus
818 1672 856 1739 et
880 1661 1041 1762 plenarie
1067 1663 1343 1762 reintegremur,
1370 1673 1407 1739 et
1432 1663 1653 1739 nibilominus
1678 1665 1871 1742 venerabi·
1959 1681 1963 1690 ’

181 1768 278 1844 libns
310 1767 480 1842 fratribus
510 1765 740 1842 Misnensi
774 1775 810 1842 et
843 1763 1243 1866 Brandebnrgensi
1283 1767 1468 1868 episcopia
1503 1779 1540 1844 et
1572 1792 1692 1844 eorum
1725 1769 1872 1846 cuilibet

184 1871 437 1949 committimus
456 1879 494 1946 et
519 1867 747 1962 mandamns,
774 1879 952 1970 quatenns
976 1869 1051 1970 ipsi
1071 1869 1133 1946 rel
1160 1870 1254 1946 alter
1279 1893 1397 1946 eornm
1424 1894 1491 1972 per
1516 1895 1560 1948 se
1585 1872 1646 1949 rel
1672 1873 1777 1948 alium
1804 1898 1870 1951 sen

184 1975 280 2052 alios
300 1981 499 2075 'presentes
523 1973 665 2050 litteras
692 1985 730 2050 et
754 1973 789 2047 in
817 1973 872 2048 eis
900 1983 1068 2050 contenta
1093 1997 1321 2074 quecunque,
1354 1975 1412 2049 nbi
1438 1985 1475 2050 et
1501 1975 1642 2076 qnando
1669 1975 1871 2078 expediens

182 2078 293 2154 luerit
319 2103 366 2156 ac
392 2078 556 2178 quotiens
580 2101 647 2178 pro
671 2086 775 2178 parte
799 2087 926 2152 restra
957 2101 1023 2152 sen
1057 2077 1215 2176 alicujus
1237 2089 1395 2154 restrum
1420 2103 1530 2180 anper
1560 2079 1631 2158 boc
1655 2080 1788 2156 fuerint
1809 2105 1871 2157 re-

208 2181 326 2275 nisiti,
354 2182 562 2258 solemniter
585 2179 813 2282 publicantes
837 2180 1013 2279 vobisque
1037 2180 1072 2254 in
1097 2181 1285 2282 premissis
1311 2181 1476 2258 efficacis
1503 2180 1726 2264 detensionis
1751 2185 1872 2286 presi-

183 2207 247 2362 bio
273 2286 513 2376 assistentes,
549 2284 687 2360 laniant
712 2284 927 2359 austeritate
954 2293 1078 2358 nostra
1102 2285 1386 2377 revocationem,
1415 2287 1676 2380 cassationem,
1702 2287 1873 2364 irritatio·

182 2413 283 2481 nem,
310 2389 565 2480 abolicionem,
592 2385 794 2478 decretum,
820 2385 1118 2481 declarationem,
1145 2389 1415 2480 absolutionem,
1440 2388 1697 2485 liberationem,
1713 2393 1871 2486 restitn-

183 2493 330 2582 tionem,
356 2492 608 2593 repositionem
635 2502 673 2568 et
697 2491 1007 2590 reintegrationem
1034 2516 1081 2567 ac
1106 2490 1181 2566 alia
1204 2493 1384 2594 premissa
1407 2493 1551 2570 tirmiter
1575 2495 1760 2571 observari
1781 2521 1871 2571 vos-

184 2619 258 2696 qnc
283 2595 356 2670 illis
381 2595 537 2697 pacifice
563 2593 744 2695 gaudere,
777 2617 846 2669 non
879 2594 1124 2694 permittentes
1154 2619 1223 2670 vos
1249 2593 1410 2697 desuper
1433 2621 1500 2697 per
1523 2596 1658 2690 duces,
1675 2599 1872 2701 principes

183 2709 225 2776 st
250 2697 344 2774 alios
369 2699 488 2775 laicos
519 2697 683 2800 prelatos
718 2723 785 2774 seu
817 2719 1048 2798 quoscunque
1081 2697 1174 2773 alios
1207 2707 1332 2776 contra
1355 2701 1572 2800 presentium
1596 2710 1755 2778 tenorem
1781 2727 1871 2802 qno-
1959 2692 1996 2782 ,’

159 2799 380 2878 'modolibet
405 2801 598 2894 molestari,
624 2799 909 2879 contradictores
936 2801 1114 2900 quoslibet
1139 2811 1178 2877 et
1202 2801 1360 2878 rebelles
1387 2813 1425 2878 et
1450 2815 1575 2879 contra
1601 2815 1759 2882 tenorem
1810 2831 1870 2884 rc-

180 2905 338 2984 sentinm
362 2906 550 2982 molientes
577 2929 644 2982 sen
669 2905 868 2995 facientes,
898 2909 1144 3005 cujuscumque
1169 2902 1375 3004 dignitatis,
1404 2915 1531 2998 status,
1559 2907 1708 3006 modus,
1735 2933 1756 2984 ι
1801 2910 1869 2986 'nis

179 3011 245 3087 vel
272 3007 486 3087 conditionis
511 3009 645 3086 inerint
668 3019 706 3085 et
731 3031 941 3108 quacunque
973 3007 1234 3106 ecclesiastica
1258 3008 1319 3085 rel
1349 3007 1527 3084 mundana
1558 3011 1787 3110 prefulgeant
1812 3011 1870 3088 di·

178 3113 341 3214 gnitate,
367 3134 434 3214 pcr
458 3137 634 3188 censuras
661 3112 944 3188 ecclesiasticas
970 3121 1008 3188 et
1033 3111 1107 3186 alia
1126 3113 1221 3210 juris
1248 3121 1287 3188 et
1309 3111 1398 3189 lacti
1423 3111 1600 3206 remedia,
1628 3115 1871 3216 appellatione

177 3217 400 3321 postposita,
428 3214 695 3317 compescendo
719 3217 887 3292 invocato
914 3214 1019 3292 eiam
1047 3214 1096 3290 ad
1120 3215 1210 3308 hoe,
1244 3217 1277 3291 si
1303 3241 1395 3318 opus
1408 3217 1543 3308 luerit,
1571 3218 1715 3293 auxilio·
1732 3219 1869 3297 braebii
1980 3283 1981 3287 ι
2075 3255 2103 3332 Ι·

91 3359 95 3366 ·
177 3319 376 3399 ιιιιΙιιίι.
429 3319 513 3394 Νιι
540 3319 631 3395 eninr
658 3316 797 3395 eisdem
823 3343 845 3394 e
870 3319 1008 3420 ’scopis
1034 3343 1080 3395 ao
1106 3341 1225 3394 eornm
1252 3319 1398 3396 cuilibet
1422 3319 1584 3422 prefatos
1611 3319 1745 3414 duces,
1771 3323 1870 3424 prin-

177 3425 291 3526 cipes
316 3435 354 3500 et
378 3423 473 3499 alios
497 3423 615 3500 laicos
640 3446 686 3499 ac
713 3447 781 3500 eon
864 3423 999 3499 'etores
1026 3423 1206 3524 quoslibet
1231 3434 1269 3500 et
1293 3423 1470 3516 rebelles,
1503 3425 1703 3526 ubieunque
1727 3425 1871 3522 inerint,

176 3529 293 3608 ctiam
318 3551 386 3628 per
411 3525 565 3603 edictum
591 3526 768 3628 publicum
793 3527 887 3602 loeis
913 3526 1087 3632 publicis,
1122 3523 1171 3604 de
1196 3527 1323 3628 quibus
1350 3529 1399 3603 sit
1422 3528 1626 3605 verisimilis
1660 3535 1871 3630 conjectura

175 3628 283 3734 qnod
315 3628 365 3704 ad
396 3653 515 3706 eornm
547 3630 704 3705 notitiam
733 3631 875 3732 possint
903 3631 1092 3731 pervenire
1124 3629 1361 3731 affigendum,
1394 3633 1549 3708 constito
1582 3633 1638 3709 eis
1669 3635 1868 3726 summarie,

174 3731 286 3837 qnod·
313 3731 450 3808 illorum
479 3735 665 3834 presentia
697 3757 762 3835 pro
794 3733 1020 3810 citationibus
1054 3731 1103 3810 de
1137 3734 1194 3810 eis
1228 3747 1266 3812 et
1297 3734 1559 3812 inhibitionibus
1596 3737 1665 3812 sibi
1689 3735 1872 3814 iaciendis

173 3847 270 3916 tute·
287 3835 414 3911 baberi
438 3847 605 3936 nequeat,
634 3835 768 3913 citandi
792 3838 955 3938 ipsisque
979 3835 1161 3914 inhibendi
1178 3861 1225 3914 ac
1241 3839 1377 3914 lucain
1404 3840 1530 3938 quibus
1557 3863 1623 3916 ιιι
1649 3832 1775 3916 morari
1802 3865 1869 3918 ιιι

174 3940 231 4020 ad
260 3963 332 4040 qne
358 3937 532 4016 deriuari
558 3941 758 4040 contigerit,
785 3942 1043 4018 ecclesiastiso
1067 3937 1258 4019 interdicto
1281 3941 1504 4042 supponendi
1522 3953 1715 4043 ceteraque
1731 3945 1767 4020 in
1784 3969 1869 4046 pre·

172 4044 311 4124 missis
336 4055 374 4119 et
394 4044 499 4120 cirea
524 4067 572 4119 ea
598 4045 812 4120 necessaria
836 4069 904 4121 sen
929 4043 1193 4146 quomodolibet
1214 4059 1411 4146 opportuna
1433 4044 1593 4123 faciendi
1612 4057 1649 4122 et
1666 4045 1870 4148 exequendi

172 4151 328 4254 plenam
355 4157 393 4224 et
417 4147 564 4223 liberam
589 4157 714 4224 tenore
738 4148 956 4249 presentium
981 4149 1189 4226 facultatem
1214 4147 1464 4242 concedimus,
1499 4173 1545 4226 ae
1578 4149 1741 4226 remmus
1775 4149 1869 4250 quod

172 4251 380 4346 citationes
413 4259 451 4326 et
481 4249 708 4327 inhibitiones
740 4251 796 4327 aie
828 4251 929 4329 facte
959 4249 1111 4354 perinde
1145 4277 1211 4328 eos
1244 4253 1376 4328 citatos
1403 4263 1441 4329 et
1466 4253 1632 4330 inhibitos
1659 4265 1799 4331 arctent
1823 4279 1869 4331 ac

172 4359 210 4435 si
240 4355 304 4434 eis
336 4354 575 4456 personaliter
603 4354 703 4431 lacte
733 4355 905 4448 luissent,
935 4381 1003 4432 non
1038 4357 1261 4432 obstantibus
1293 4355 1414 4432 felicis
1444 4355 1706 4434 recordationis
1731 4359 1869 4434 Boni·

171 4458 302 4540 facii
327 4457 540 4559 papeVlll.
560 4456 838 4560 predecessoris
863 4461 975 4535 nostri
987 4461 1027 4554 ¹),
1059 4484 1130 4561 qna
1155 4471 1315 4554 cavetur,
1341 4485 1388 4537 ne
1413 4461 1492 4560 quis
1519 4470 1625 4537 extra
1651 4485 1758 4536 suam*
1778 4461 1869 4538 ciri-

169 4577 298 4646 tatem
329 4573 366 4637 et
397 4559 562 4637 ᾱὶιιιιίι
594 4562 662 4638 nisi
695 4563 732 4639 in
765 4563 876 4638 certis
902 4563 1072 4666 exceptis
1097 4565 1245 4641 casibus
1271 4565 1368 4640 etin
1393 4563 1466 4640 illia
1491 4563 1711 4641 ultrannam
1737 4563 1870 4644 dietam

169 4697 199 4749 a
234 4669 316 4744 fine
349 4687 416 4740 sne
450 4662 612 4741 dioceus
631 4663 695 4742 ‘ad
721 4663 896 4766 judicium
929 4677 1116 4760 evocetur,
1150 4692 1217 4745 seu
1243 4691 1290 4744 ne
1314 4665 1465 4768 jndices
1499 4693 1523 4744 a
1548 4667 1641 4747 sede
1667 4671 1870 4772 apostoliea

236 4995 276 5074 1)
307 4987 386 5078 Cap.
407 4987 536 5052 naletam
557 4987 598 5053 de
618 4987 749 5074 judiciis,
769 4990 803 5056 in
823 4988 1117 5083 Exnavagmtibta
