4524 5770
718 557 942 632 {tameat
962 557 1118 632 'lara
1145 557 1307 630 'XMIL
1807 559 1857 636 Η

168 759 405 843 chidiaconns
423 757 694 862 Glogouiensis,
720 783 785 863 pro
809 784 902 836 anno
923 759 1087 884 proximo
1110 758 1335 864 precedente
1353 761 1672 842 consecracionem
1688 776 1858 858 nostram,

167 866 217 946 ad
232 867 306 944 lrnc
323 863 417 944 sede
433 875 602 958 vacante,
622 865 677 940 eis
695 862 951 966 ponderarent
965 863 1145 957 incedent
1164 862 1270 940 domo
1277 863 1328 940 X.
1348 889 1491 942 marcas
1505 877 1542 942 et
1559 878 1635 944 tres
1653 879 1780 946 scotos
1798 895 1860 946 ar-

166 971 269 1154 gpppi
291 994 414 1150 corppp
435 969 550 1150 Ἢ,
577 967 626 1046 de
649 972 875 1148 tprcio'p'epp
890 952 1099 1151 ppppjvhps
1108 966 1608 1154 giwffnmsflfeiedffloe'
1636 973 1859 1152 ⁰3⁰i⁸¹¹¹f¹¹¹¹⁰

169 1103 191 1154 s
278 1092 350 1152 eac
536 1097 877 1152 οιιιοιιηιι...
1075 1097 1291 1154 aens
1360 1097 1691 1157 wnurnuss
1792 1095 1859 1156 oe-

252 1097 480 1258 weodei’ts
490 1176 924 1278 wraetmcrempum
937 1078 1142 1278 praedatus
1163 1199 1212 1254 se
1233 1077 1314 1254 ond
1331 1175 1415 1254 aliis
1437 1097 1639 1256 meditans
1662 1095 1859 1284 ψευσμ-
2001 1185 2012 1201 '

217 1309 263 1360 us
279 1282 467 1360 intromisit
484 1291 522 1360 et
537 1281 573 1358 in
591 1305 680 1357 usus
698 1303 795 1357 suos
803 1282 1002 1373 cancerem,¹
1019 1302 1142 1360 mm
1165 1291 1286 1358 tanen
1300 1281 1337 1356 in
1355 1291 1570 1358 testamento
1588 1308 1655 1359 suo
1673 1283 1859 1388 sollempni

169 1387 286 1466 omnia
301 1386 464 1490 plenarie
480 1381 727 1489 persolvenda
740 1381 941 1482 mandevitp
968 1382 1017 1461 de
1042 1385 1190 1488 reliquis
1207 1409 1300 1477 vero¹
1313 1393 1463 1488 quatuor
1487 1385 1602 1479 annis,
1630 1388 1688 1487 qni
1705 1411 1859 1489 preces-

169 1503 294 1570 serant
316 1491 384 1568 hos
408 1501 495 1585 tres¹
510 1515 636 1583 annos,
664 1488 827 1586 dominns
852 1485 1121 1592 lreonardus
1148 1489 1280 1583 senior,
1308 1487 1366 1588 qui
1389 1487 1439 1564 ad
1463 1489 1677 1590 peticionem
1702 1503 1860 1568 nostram

168 1605 338 1688 vestran,
365 1603 406 1670 at
427 1592 532 1687 dicit,
562 1614 683 1671 curam
707 1603 748 1671 et
768 1593 1069 1694 procuracionem
1085 1589 1421 1696 protende-‘restro
1442 1593 1549 1668 robis
1573 1593 1738 1672 ln'oerta
1760 1597 1858 1686 villa,

170 1700 315 1778 scilicet
331 1695 679 1792 Pertrswntuc,
694 1697 884 1798 assignate
902 1707 1162 1802 assumpserat,
1187 1695 1386 1775 secundum
1403 1697 1580 1800 arbitrium
1599 1708 1638 1774 et
1654 1695 1860 1802 ordinacios

169 1818 249 1882 nem
263 1801 356 1879 dum.
370 1801 556 1906 prepositi,
575 1803 734 1880 conaris
749 1811 787 1878 et
803 1801 1218 1902 aliorumucanonicnrum
1231 1811 1428 1877 nostrornm
1450 1805 1551 1881 ‘uxta
1562 1811 1720 1878 vestram
1732 1802 1860 1882 mode·

169 1909 351 1985 racionem
372 1905 562 2007 benignam
585 1906 690 1982 vobis
716 1905 936 2002 satisfacere
965 1913 1122 2005 tenetur,
1145 1903 1309 2006 difigenti
1333 1821 1523 2007 pensito
1548 1903 1859 2000 consideracione,

169 2021 209 2088 ut
224 2013 403 2114 cumipse
419 2021 582 2114 tempore
597 2009 720 2106 delicia
735 2010 903 2108 memorie
919 2009 1199 2112 predecessoris
1217 2009 1438 2086 etarunculi
1463 2009 1576 2086 nostri
1598 2009 1705 2086 vobis
1721 2010 1756 2088 in
1773 2033 1859 2113 pcr-

170 2117 347 2219 c'epcione
363 2113 564 2192 redtlituum
580 2123 780 2190 vestrorum
803 2137 947 2215 semper
969 2125 1013 2191 se'
1039 2123 1234 2216 promptum
1258 2111 1461 2191 exhibuerit
1478 2124 1517 2190 et
1531 2111 1687 2207 fidelem,
1715 2139 1794 2191 eum
1811 2113 1860 2192 de

192 2231 294 2296 nanto
313 2240 418 2312 anno,
437 2243 550 2319 ¹quem
567 2218 672 2294 vobis
690 2216 829 2294 dlcltln
847 2239 1000 2296 recessu
1017 2229 1144 2318 vestro
1160 2241 1249 2296 esse
1267 2205 1430 2309 solutum,
1451 2217 1595 2322 penitus
1613 2219 1860 2312 absolventes,

240 2324 390 2426 reliquis
412 2323 526 2398 tribtrs¹
541 2322 652 2398 'aunis
678 2322 748 2397 sibi
764 2319 953 2398 debilitate
976 2319 1082 2421 nimia
1106 2333 1145 2399 et
1168 2321 1271 2398 senio
1282 2325 1363 2424 jam
1388 2321 1558 2424 conlecto
1574 2317 1683 2399 talem
1701 2324 1862 2423 graciam

168 2429 327 2522 faciatis,
354 2437 394 2522 ut
410 2451 481 2502 nna
498 2446 576 2503 cum
600 2425 685 2528 ipso
705 2437 831 2526 grates
848 2423 993 2502 debitas
1016 2425 1218 2528 rependere
1240 2425 1450 2528 veleamnsr
1476 2425 1628 2526 amplius
1654 2439 1773 2506 autem
1794 2448 1861 2530 pro

168 2531 296 2608 utens
313 2531 530 2633 temporibus
546 2530 668 2606 taliter
684 2528 869 2622 ordinetis,
888 2541 927 2605 ut
942 2529 978 2604 in
995 2531 1154 2630 quolibet
1171 2530 1271 2608 festo
1289 2529 1387 2610 beati
1403 2529 1550 2605 Martini
1565 2541 1776 2632 procurator
1791 2555 1861 2608 re·
1878 2551 1920 2610 ιι.
1932 2557 2029 2608 novo.

169 2647 245 2714 ster
268 2633 408 2713 reditus
431 2635 676 2737 prenominate
699 2633 786 2710 ville
811 2631 860 2710 de
879 2633 1210 2728 Petirswalde,
1237 2634 1378 2736 nominc
1403 2631 1589 2735 prebende
1612 2646 1739 2736 vestre
1754 2635 1861 2714 vobis

169 2739 216 2816 ad
231 2739 450 2843 peticionem
466 2747 625 2816 vestram
648 2739 859 2840 assignatos
884 2738 1039 2838 colligat
1054 2737 1247 2838 didgenter
1263 2749 1302 2816 et
1317 2761 1384 2814 uos
1399 2738 1433 2815 ei
1446 2738 1860 2840 quocienscunqnelue-

167 2845 276 2920 rimus
292 2843 455 2944 requisiti
470 2842 556 2918 totis
574 2841 709 2938 uiribus
727 2843 955 2936 assistemus,
982 2843 1070 2919 licet
1085 2853 1163 2918 tota
1180 2841 1345 2942 ecclesia
1370 2852 1494 2918 nostra
1518 2843 1629 2918 variis
1647 2845 1860 2946 oppressio·

167 2949 323 3024 uibus-in
342 2948 503 3023 omnibus
518 2947 654 3022 finibus
665 2947 743 3022 suls
761 2946 999 3048 multipliciter
1016 2945 1207 3046 affligatur,
1223 2951 1328 3048 cnjus
1345 2945 1484 3048 lronera
1500 2946 1649 3023 incuria
1665 2947 1861 3024 Romana

167 3074 235 3129 ros
251 3059 292 3129 'ct
309 3051 402 3128 allos
418 3051 553 3127 fratres
570 3059 716 3126 nostros
734 3047 845 3128 decet
862 3051 1124 3152 compassionis
1141 3051 1289 3126 lrrnuere
1306 3059 1529 3229 spoportare.
1562 3037 1695 3125 Datum
1711 3051 1746 3126 in
1764 3051 1799 3125 vi
1827 3052 1860 3114 '-

167 3157 217 3233 lla
234 3152 432 3234 nativitatis
449 3155 690 3247 beatcllarie
705 3154 866 3260 ulrglnis,
884 3177 977 3230 anno
995 3149 1125 3248 domini
1138 3151 1326 3233 mooun
1381 3153 1505 3256 primo.
1642 3169 1645 3178 ’
1746 3179 1748 3186 ⁴

271 3563 489 3644 Reverendo
514 3564 654 3642 domino
679 3565 717 3642 Η
725 3567 879 3644 enrico
887 3621 898 3660 ,
926 3564 963 3641 d.
989 3591 1042 3668 gr.
1062 3564 1147 3645 doci
1171 3565 1332 3646 Slezic
1354 3577 1426 3644 etc.
1469 3564 1714 3645 Considerata
1736 3577 1860 3644 vestre
1905 3577 2000 3628 ¹⁰⁴¹ss-

165 3669 425 3748 dominacionis
443 3669 703 3762 benivolencia,
731 3695 834 3770 qnam
858 3667 909 3745 ad
934 3695 1002 3747 nos
1027 3681 1065 3748 et
1088 3671 1286 3749 ecclesiam
1310 3679 1467 3747 nostram
1492 3671 1637 3748 habetis
1660 3681 1698 3747 et
1721 3669 1859 3748 habere
1902 3656 2008 3722 (¹²⁷¹)

164 3775 379 3880 promittitis,
408 3773 459 3856 de
474 3794 575 3857 mera
598 3783 723 3855 nostra
746 3773 964 3857 liberalitate
981 3783 1107 3862 vestre
1124 3773 1330 3857 celsitudini
1346 3797 1409 3854 res
1427 3786 1465 3857 et
1481 3773 1645 3856 decimas
1663 3775 1858 3876 cphcopa-
1914 3840 1937 3863 ,,
1984 3855 1991 3864 ,

163 3879 245 3973 les,
271 3905 364 3980 qnos
389 3889 474 3982 post
497 3877 627 3959 obium
652 3877 746 3962 bone
770 3879 939 3958 memorie
955 3877 1048 3960 dom.
1068 3879 1303 3979 Th(ome),
1330 3877 1507 3980 quondam
1533 3879 1698 3980 episcopi
1722 3878 1858 3955 Wrat.
1899 3901 1931 3948 2·
1957 3916 1983 3929 ··

163 3982 262 4068 sede
278 3993 446 4077 vacante,
473 4007 589 4082 usque
606 3978 659 4061 ed
669 3999 799 4066 ,annum
817 3995 1022 4082 presentem
1038 3983 1075 4063 iir
1092 3983 1257 4064 districto
1276 3981 1431 4070 ducatos
1448 3985 1562 4060 vestri
1586 3981 1786 4082 accepistis
1802 3981 1859 4056 in·

163 4087 370 4190 degemus,
395 4088 449 4166 lta
465 4085 562 4188 qnod
575 4095 737 4168 nostram
751 4085 951 4169 ecclesiam
968 4096 1007 4164 et
1023 4111 1096 4165 nos
1109 4086 1315 4170 dileccionm
1332 4097 1370 4166 ct
1384 4085 1515 4167 lavore
1540 4086 1694 4184 benigno
1718 4107 1861 4185 semper

161 4193 338 4298 prosequi
354 4190 522 4270 debeatis
539 4215 610 4267 nec
627 4213 778 4290 unquam
796 4186 959 4266 decimas
984 4199 1022 4265 et
1045 4213 1107 4266 res
1131 4189 1365 4291 episcopales
1392 4199 1430 4264 et
1454 4189 1618 4268 ecclesie
1641 4211 1687 4264 ac
1713 4187 1859 4264 aliorum

162 4297 379 4376 clericonrm
396 4307 469 4372 tam
485 4293 735 4395 religiosorum
752 4317 856 4394 quam
873 4291 1088 4370 secularium
1111 4291 1327 4396 impedietis,
1354 4290 1552 4368 secundum
1577 4291 1724 4366 sormam
1748 4291 1860 4368 nostri

158 4400 345 4504 privilegii
361 4399 466 4476 vobis
484 4399 655 4488 concessi
673 4407 711 4475 et
726 4421 795 4474 nos
810 4407 936 4476 vestre
954 4395 1152 4476 clemencie
1175 4390 1327 4502 proinde
1349 4394 1485 4488 honore
1512 4417 1670 4494 congruo
1696 4390 1860 4472 studebi-

25 4513 26 4528 '
158 4525 245 4582 mus
261 4501 497 4610 respondere.
531 4500 664 4598 Deurm
677 4503 704 4594 ¹)
724 4558 734 4578 .
754 4558 764 4577 .
784 4557 825 4577 ..
894 4511 896 4519 “
1015 4604 1018 4615 1
1056 4567 1060 4574 .
1254 4479 1259 4517 ¹
1804 4531 1808 4538 ·

208 4779 245 4862 1)
268 4773 411 4871 ¹Obrrolrl
432 4776 488 4842 d'as
510 4764 630 4868 Datum
651 4742 738 4850 scili,
760 4764 891 4844 so'wird
912 4773 997 4844 doch
1018 4771 1207 4868 wegen'dcr
1225 4766 1400 4871 folgenden
1408 4736 1494 4844 'Urs
1515 4771 1555 4840 N.
1570 4765 1677 4838 xmv
1697 4766 1782 4838 wolrl
1804 4771 1860 4838 dns

219 4868 226 4886 ¹
256 4863 301 4930 'J.
323 4861 405 4928 1271
429 4861 652 4982 anaunelrrnen
673 4863 760 4966 aeyu.
819 4951 834 4982 Ι,
1090 4865 1092 4873 ’

812 5093 1215 5108 —u—a-n—-n———u—-an—

790 5193 794 5210 Ι
