4524 5770
1036 541 1247 616 urano...
1303 541 1430 614 xxx.
1558 520 1561 529 “

1167 843 1310 932 ΧΧΧ.

284 1053 359 1126 rna,
393 1036 584 1112 nm,
607 1035 780 1100 mmmm
796 1047 852 1098 rm
866 1034 1013 1110 tantus,
1035 1033 1145 1110 Itum
1165 1047 1221 1096 um
1243 1035 1401 1110 matter,
1424 1037 1596 1114 rumperem
1619 1039 1683 1100 ton
1697 1035 1831 1099 uastata
1851 1039 1911 1098 ut
1932 1040 1985 1100 tar
2004 1037 2082 1101 Im

256 1128 298 1184 ¹¹·
315 1130 378 1182 “⁸¹-
437 1145 521 1206 Iaucr
541 1141 645 1202 [trahe
667 1141 713 1201 tta
736 1139 895 1200 tenaciter
915 1151 972 1200 ron
992 1135 1104 1198 utut·
1125 1137 1234 1198 Inter
1254 1137 1390 1200 {struat
1412 1137 1459 1200 ut.
1482 1141 1619 1216 tatutis
1640 1141 1832 1216 gaudebam
1853 1141 1983 1202 Imm
2004 1155 2041 1202 zu

1161 1241 1312 1302 tororum

851 1393 931 1442 Liber
947 1392 1023 1456 uigor
1038 1391 1232 1457 pumtegtomm
1251 1394 1391 1455 episcopm.
1408 1393 1495 1443 Wrat.
1512 1394 1557 1444 tot.
1574 1385 1635 1446 39⁰.

498 1532 581 1607 No's
598 1525 913 1620 Wiodizlaus,
941 1522 1050 1626 dgr.
1075 1525 1374 1630 archiepiscopus
1396 1524 1775 1629 salzburgensis,
1802 1527 1879 1604 dux
1904 1525 2083 1622 Slesie,

308 1677 317 1696 .
395 1647 513 1714 notum
530 1633 683 1712 facimus
701 1633 861 1707 omnibus
877 1641 1081 1734 presentem
1097 1631 1236 1707 literam
1252 1633 1488 1733 inspecturis,
1538 1631 1611 1708 uod
1636 1659 1714 1710 curn
1731 1633 1843 1710 irater
1859 1643 2000 1726 noster,
2025 1633 2085 1710 sc·

395 1741 478 1820 licis
507 1735 777 1815 recordacionis
810 1734 886 1810 dux
909 1734 1133 1810 Henricus
1159 1735 1265 1835 (III.)
1296 1737 1493 1813 occasione
1512 1660 1739 1840 dampnorum
1764 1737 1964 1814 venerabili
1993 1737 2086 1839 patri

396 1845 614 1942 meme)
640 1838 750 1940 dgr.
775 1839 950 2016 episcppo
976 1849 1013 1914 et
1037 1837 1199 1915 ecclesie
1217 1840 1355 1915 Wrat.
1380 1839 1555 1916 illatorum
1581 1867 1647 1942 per
1664 1839 1831 1920 dileemm
1856 1841 2002 1918 fratrem
2018 1865 2085 1917 no-

397 1961 507 2026 strum
530 1944 791 2022 Bolezlaum
813 1943 864 2018 ill.
914 1965 1018 2018 ueem
1042 1941 1219 2035 Slesie,
1247 1943 1343 2044 quod
1366 1942 1521 2020 debitum
1545 1942 1640 2022 idem
1662 1945 1887 2024 Henricns
1915 1969 2086 2048 superse

396 2059 590 2152 receperat
603 2050 652 2142 ¹),
678 2048 714 2124 in
733 2047 969 2124 exsolncione
987 2044 1152 2148 ejusdem
1170 2043 1281 2122 debiti
1297 2061 1510 2142 cessasset,
1537 2050 1589 2124 ita
1612 2047 1708 2151 quod
1730 2050 1992 2126 remansissent
2008 2049 2086 2126 sol-

397 2153 518 2234 vende
535 2153 631 2229 miIle
649 2161 686 2227 et
703 2153 895 2252 quingente
912 2175 1034 2226 marce
1052 2151 1192 2250 argenti
1211 2173 1260 2226 ex
1276 2175 1348 2242 una
1363 2163 1486 2254 parte,
1512 2154 1596 2230 item
1622 2179 1670 2231 ex
1694 2153 1767 2230 alia
1784 2151 1941 2230 ducente
1965 2165 2003 2230 et
2018 2179 2086 2228 un·

398 2259 517 2337 decim
533 2279 655 2334 marce
673 2256 813 2356 argenti
830 2265 868 2332 et
884 2277 1007 2330 marca
1024 2255 1117 2348 auri,
1146 2255 1348 2354 que‘omnia
1365 2254 1496 2332 dudum
1520 2255 1703 2334 debebant
1718 2257 1835 2334 fuisse
1854 2257 1991 2350 soluta,
2017 2282 2087 2332 nos

396 2367 512 2465 ipsum
530 2359 686 2438 debitum
702 2385 813 2461 super
828 2383 896 2435 nos
913 2359 1116 2461 recepimus
1139 2370 1176 2434 et
1200 2356 1398 2435 seeundum
1415 2358 1510 2461 quod
1528 2386 1552 2436 a
1569 2359 1660 2436 dom.
1679 2363 1853 2464 episcopo
1876 2362 2087 2438 obtinuimus

398 2467 447 2544 de
477 2467 559 2568 ipso
581 2465 811 2566 promittimus
836 2462 1055 2540 satisfacere
1079 2464 1114 2538 in
1137 2462 1233 2539 hunc
1258 2460 1406 2539 modum.
1460 2463 1628 2554 Quolibet
1651 2491 1761 2558 anno,
1786 2467 1822 2541 in
1846 2465 2003 2542 terminis
2021 2489 2087 2541 se-

397 2567 551 2648 cundum
574 2566 669 2669 quod
692 2569 794 2644 nobis
818 2577 962 2644 moneta
978 2566 1073 2642 solvi
1101 2567 1347 2662 consuerit’),
1382 2566 1475 2643 dom.
1503 2569 1677 2672 episcopo
1699 2569 1761 2648 vel
1786 2571 1842 2646 eis
1860 2570 1987 2670 quibus
2004 2569 2088 2670 ipse

399 2673 572 2753 commisit
594 2672 655 2748 vel
678 2671 893 2750 commiserit
917 2671 1195 2770 assignabuntur
1224 2681 1386 2750 trecente
1410 2695 1531 2750 marce
1562 2674 1703 2774 argenti
1727 2685 1765 2750 et
1787 2675 1947 2750 omnibus
1970 2671 2088 2749 modis

399 2775 583 2854 solventur
615 2773 734 2854 donec
758 2775 880 2850 totalis
904 2801 1039 2850 summa
1062 2773 1216 2878 predicti
1241 2773 1353 2852 debiti
1376 2775 1483 2852 suerit
1507 2777 1687 2852 exsoluta.
1740 2775 1859 2880 Cujus
1883 2775 1994 2860 debiti
2018 2801 2088 2878 pe-

398 2883 505 2960 cunia
528 2880 727 2982 accipIetur
747 2880 782 2955 in
808 2879 959 2954 monetis
982 2876 1031 2955 de
1048 2879 1353 2980 Francberg¹)
1381 2893 1419 2956 et
1441 2881 1782 2975 Monsterberk,
1810 2907 1901 2982 quos
1924 2893 2090 2958 monetas

399 2985 468 3062 sibi
484 3009 549 3088 pro
566 2984 638 3060 hoc
655 2981 777 3060 debito
794 2983 1003 3084 specialiter
1020 2982 1231 3082 obligamus.
1284 2984 1433 3060 Monate
1457 2995 1575 3061 tamen
1601 2983 1766 3088 predicte
1789 3011 1856 3090 per
1879 3009 1946 3060 nos
1965 2997 2003 3061 ct
2018 3009 2089 3060 no-

399 3101 496 3166 stros
519 3087 737 3178 vendentur,
765 3085 835 3164 sed
853 3085 945 3163 dom.
965 3087 1180 3188 episcopus,
1208 3085 1351 3164 decima
1368 3101 1510 3165 monete
1535 3089 1604 3164 sibi
1628 3089 1727 3192 prius
1753 3091 1873 3166 soluta
1898 3093 1983 3190 jure
2007 3091 2090 3191 epi-

399 3195 558 3296 scopali,
586 3191 634 3270 de
650 3189 797 3269 residuo
814 3193 895 3293 ipse
912 3191 974 3267 rel
989 3191 1041 3266 iIIi
1060 3193 1185 3292 quibus
1202 3192 1284 3292 ipse
1302 3193 1476 3268 commisit
1490 3193 1552 3271 vel
1570 3195 1786 3270 commiserit
1808 3193 1990 3296 accipient
2010 3206 2090 3270 tre·

400 3310 528 3378 ecntas
544 3322 688 3374 marcas
706 3297 863 3396 argenti,
891 3295 986 3374 sicut
1010 3297 1177 3398 superius
1202 3307 1261 3372 est
1284 3297 1505 3398 promissum.
1557 3295 1649 3384 Cum
1674 3309 1792 3374 autem
1809 3321 1945 3372 summa
1961 3297 2091 3400 sepius

399 3403 578 3476 nominata
592 3401 688 3478 milIe
706 3401 973 3500 quingentarum
998 3409 1036 3476 et
1058 3398 1288 3476 ducentarum
1314 3409 1351 3476 et
1374 3395 1537 3476 undecim
1555 3423 1752 3478 marcarum
1768 3403 1909 3501 argenti
1929 3402 2092 3477 etunius

399 3525 521 3580 marce
539 3505 614 3578 anri
630 3505 666 3579 in
682 3515 811 3595 totum,
838 3503 933 3579 sient
951 3501 1082 3579 dictum
1101 3512 1176 3594 est,
1203 3503 1311 3578 fuerit
1335 3503 1522 3598 exsoluta,
1551 3503 1678 3582 eedem
1697 3517 1859 3598 monete,
1887 3505 1994 3581 salva
2016 3502 2094 3582 de-

401 3609 494 3684 cima
511 3607 685 3708 episcopo
702 3605 836 3699 danda,
864 3603 913 3680 ad
931 3604 1096 3681 ducatum
1114 3607 1228 3682 libere
1246 3617 1478 3682 revertentur.

502 3710 597 3802 Quia
613 3733 699 3784 vero
717 3707 812 3785 idem
829 3709 942 3784 frater
957 3719 1082 3786 noster
1098 3710 1327 3786 Henricus
1351 3708 1399 3786 ad
1416 3711 1663 3788 necessitates
1681 3737 1770 3787 suas
1788 3711 1934 3813 aceepit
1956 3712 2002 3787 ab
2021 3735 2097 3789 ec-

402 3815 519 3892 cicsia
536 3841 567 3890 s.
584 3809 762 3889 Iohannis
779 3813 922 3888 Wrat.
941 3810 1035 3887 duas
1052 3814 1202 3890 casulas
1225 3815 1433 3914 preciosas,
1459 3840 1563 3891 unam
1588 3837 1731 3892 crucem
1755 3839 1899 3892 auream
1924 3825 1963 3891 et
1984 3839 2097 3892 unam

400 3919 559 4022 pulcram
581 3917 739 3992 tabulam
764 3928 973 4014 argenteam
995 3925 1034 3992 et
1061 3914 1156 3992 duas
1181 3943 1315 4019 capas,
1349 3943 1493 4019 quarum
1518 3917 1785 3996 estimacionem
1808 3919 1886 3995 fieri
1909 3921 2099 4022 jussimus

400 4022 876 4126 peruenerabdempatrem
895 4018 1306 4123 dom.Wle1eimum
1330 4023 1641 4099 Lubucensem
1661 4023 1869 4128 episcopum
1893 4027 2101 4126 assumptis

401 4125 505 4203 adid
521 4125 797 4217 mercatoribus,
825 4123 883 4225 qui
902 4122 1017 4219 eidem
1037 4135 1075 4200 et
1092 4125 1277 4203 canonicis
1294 4123 1428 4228 ydonei
1444 4125 1672 4220 videbuntur,
1699 4127 1822 4230 piacet
1843 4127 1965 4220 nobis,
1993 4127 2101 4228 qnod

402 4231 581 4307 memorati
604 4226 769 4310 canonici
793 4248 960 4304 summam
984 4232 1156 4331 pecunie,
1184 4253 1254 4330 que
1277 4253 1327 4306 ex
1345 4231 1578 4308 estimacione
1596 4229 1769 4309 dictarum
1786 4254 1902 4308 rerum
1920 4233 2102 4334 patuerit,

403 4355 546 4431 quarum
570 4337 755 4412 estimaoio
779 4331 947 4411 ascendit
971 4359 1085 4434 usque
1115 4331 1165 4409 ad
1188 4333 1323 4408 XVIII
1345 4359 1489 4414 marcas
1511 4335 1608 4430 auri,
1641 4347 1680 4415 et
1700 4359 1766 4439 pro
1792 4345 1932 4414 centum
1955 4341 2104 4416 marcis

448 4641 479 4722 ι)
508 4621 549 4700 a·
563 4633 673 4700 ressa
693 4633 795 4702 omn.
817 4659 888 4704 vom
916 4639 947 4706 s.
973 4625 1061 4704 mm
1084 4637 1333 4720 1260,an
1363 4677 1407 4691 -
1432 4663 1506 4708 vom
1525 4643 1578 4710 ro.
1599 4623 1676 4710 uec.
1699 4624 1797 4719 mor,
1823 4643 1864 4709 m
1885 4641 1995 4710 xvnr
2023 4649 2109 4714 uno

508 4743 581 4786 vom
602 4721 653 4786 al.
675 4722 746 4789 Iuni
769 4723 867 4804 lata,
886 4725 927 4790 Ν.
949 4725 1046 4790 XlX.

447 4827 480 4909 2)
508 4819 654 4888 Nsmtich
680 4823 731 4888 25.
753 4823 815 4888 JuIi
843 4825 910 4890 und
935 4826 965 4891 6.
988 4827 1064 4891 Dec.
1091 4827 1175 4909 jedes
1195 4824 1299 4907 Iahrs,
1327 4825 1424 4919 vergl.
1446 4825 1526 4894 Uri.
1556 4827 1596 4895 N.
1617 4829 1719 4896 XXII
1746 4852 1819 4896 vom
1839 4829 1871 4895 9.
1893 4832 1971 4922 Aug.
1995 4831 2111 4903 1264.

448 4931 481 5011 ³)
510 4921 804 5016 Frenkenberg,
832 4926 935 4992 SSW.
959 4928 975 4992 l
999 4927 1044 4991 M.
1070 4950 1133 4992 von
1153 4927 1395 5010 Frankenstein,
1423 4929 1525 4996 durch
1551 4931 1661 4998 dassen
1687 4929 1902 5000 Audiommau
1929 4930 1975 4997 ais
1997 4933 2113 5006 stadt

507 5007 766 5110 wuhrscheinlich
788 5011 843 5076 dus
864 5011 947 5078 nahe
969 5011 1140 5078 Stidtchen
1161 5011 1387 5107 frankenberg
1406 5016 1524 5082 wieder
1544 5039 1618 5082 zum
1638 5016 1738 5084 Dorse
1760 5015 1949 5084 herabsank.
