4660 5762
370 455 469 588 ¹rna
550 523 564 538 ’
839 509 1051 585 nasses
1106 509 1343 584 nnrxvrr.
1374 511 1636 584 cnxxmrr.

390 724 586 818 agamur,“
622 725 660 792 et
682 710 839 814 adjacit,
867 709 1004 787 habere
1030 733 1075 788 se
1098 709 1240 788 huam
1265 713 1473 790 securitatis
1497 713 1544 790 ah
1568 713 1650 814 ipso
1675 709 1770 788 dum.
1788 710 1886 790 duce
1907 737 1975 814 prn
1997 739 2088 791 nuu-
2201 705 2205 715 ’

391 821 460 898 ciis
487 819 637 910 nostris,
673 816 704 892 si
730 839 821 916 quos
844 813 1021 890 vellemus
1051 810 1101 889 ad
1127 839 1295 915 cumpro
1320 813 1938 916 negociishujnsnuudidestinarc.
1987 816 2089 908 ous-

231 911 236 922 ’
390 947 465 1000 rum
498 921 691 997 litterarum
733 931 836 995 tenor
870 915 920 994 de
954 917 1066 994 verbu
1091 915 1140 992 ad
1178 919 1324 994 verbum
1365 919 1451 994 talis
1485 932 1562 996 estu
1612 919 1792 996 Noverint
1822 919 1981 996 universi
2015 933 2087 1000 etc.

393 1026 452 1124 (N
495 1127 579 1202 Nos
596 1027 989 1216 varedeo-sauricen
1007 1119 1153 1198 srahurn
1171 1133 1368 1200 nostrorum
1386 1123 1540 1202 consilio
1557 1135 1595 1202 et
1612 1121 1882 1201 deliberacione
1898 1124 2088 1226 prolicit·

391 1229 573 1330 diligenti,
602 1227 695 1304 dnos
722 1251 772 1304 ex
798 1226 890 1329 ipsis
909 1226 1078 1302 fratribus
1095 1227 1231 1304 nostris
1255 1225 1304 1303 de
1322 1229 1495 1304 communi
1512 1227 1665 1304 consilio
1683 1226 1887 1320 eorundem,
1914 1226 2088 1307 videlicet
2177 1299 2182 1310 ,

392 1332 484 1412 doru.
503 1333 694 1434 Helyam
712 1343 750 1408 et
767 1329 860 1405 dom.
878 1330 1057 1406 Petrum
1076 1331 1273 1407 canonicos
1290 1341 1434 1406 nostros
1452 1331 1593 1408 Wrat.
1611 1331 1788 1431 elegimus
1804 1329 1855 1408 ad
1872 1330 2088 1410 unittendnm.

391 1436 493 1528 Quos
518 1435 682 1536 prelatus
708 1432 803 1509 doru.
828 1431 920 1523 dux,
949 1457 1029 1509 cunr
1052 1432 1103 1508 ad
1126 1438 1209 1532 ejus
1233 1435 1422 1510 venissent
1437 1435 1683 1535 presenciam,
1709 1434 1866 1536 recepit,
1893 1433 2033 1512 atrdivit
2049 1449 2088 1514 et

388 1539 625 1642 pertractavit
650 1537 815 1615 benivole
842 1561 889 1614 ac
914 1535 1058 1613 uimsit
1110 1537 1163 1612 Et
1187 1534 1270 1614 dum
1293 1536 1452 1614 redirent
1474 1562 1541 1640 pcr
1557 1539 1669 1630 darn,
1696 1540 1742 1614 ob
1767 1538 1999 1616 securitatem
2016 1541 2087 1618 sibi

390 1639 512 1720 datam
530 1665 554 1718 a
570 1642 667 1718 nullo
684 1641 827 1743 penitus
845 1640 1021 1716 maliciam
1040 1663 1090 1715 ex
1116 1651 1295 1732 ectantes,
1323 1665 1415 1718 ecce
1433 1639 1482 1718 de
1499 1642 1598 1720 valle
1619 1639 1771 1742 quadam
1788 1639 1930 1742 quidam
1948 1644 2085 1735 armati,

372 1747 520 1824 ‘bestiis
545 1747 729 1836 seniores,
755 1755 892 1820 exeunt
916 1769 996 1819 cum
1018 1743 1056 1842 gl
1108 1745 1166 1836 '‘s,
1190 1744 1331 1820 lanceis
1349 1757 1388 1822 et
1405 1745 1551 1844 sagittis
1576 1757 1614 1822 et
1637 1745 1737 1823 laeto
1760 1746 1892 1848 inpetu
1915 1747 2085 1825 suhiloiu

276 1935 285 1952 ι
390 1847 539 1928 eosdem
558 1849 668 1950 primo
686 1845 779 1924 doru.
797 1846 1042 1922 Henricnnr
1068 1845 1270 1948 dyaconunn
1288 1860 1553 1948 procuratorem
1571 1860 1731 1926 nastrum
1747 1849 1889 1924 Wrat.
1913 1849 2084 1940 vnlnera-

389 1953 723 2042 vemntatrociter,
751 1947 886 2026 deinde
904 1947 997 2026 doru.
1015 1950 1191 2026 Heliam
1217 1962 1442 2028 memoratum
1460 1953 1772 2029 innumerabilibus
1795 1952 1917 2054 plagis
1938 1953 2088 2055 inposi-

390 2055 438 2132 tis
463 2053 676 2146 crudeliter,
701 2053 813 2156 proch
840 2051 961 2144 dolor,
994 2051 1224 2147 occiderunt,
1253 2053 1465 2132 horrendum
1488 2053 1604 2148 dictu,
1640 2081 1720 2134 cunr
1740 2061 1818 2156 jann
1844 2079 1976 2157 corpus
2001 2061 2084 2156 ejus
2163 2115 2172 2134 .

385 2163 533 2259 jacerm
558 2158 724 2235 exanime
748 2156 894 2256 sagittis
919 2157 1035 2257 ipsum
1058 2157 1311 2258 impleverunt,
1337 2159 1462 2235 iterum
1486 2171 1595 2259 aque
1616 2155 1742 2236 iteruin
1767 2157 1963 2238 redeuntes
1981 2171 2021 2237 et
2036 2159 2084 2236 ad

389 2261 544 2338 ultimum
569 2285 633 2339 cnr
655 2266 737 2362 ejus
762 2260 1036 2362 perforaverunt
1059 2259 1183 2360 gladio
1207 2275 1400 2363 preacuto,
1442 2263 1546 2362 equis
1574 2265 1736 2440 panibus
1760 2276 1799 2340 et
1823 2263 1988 2340 vestibus
2015 2275 2085 2340 tarr

389 2365 402 2441 i
428 2390 493 2442 sos
511 2389 636 2442 omnes
653 2389 756 2464 quarn
775 2388 895 2441 eorum
913 2363 1067 2440 famulos
1085 2366 1247 2464 nequiter
1264 2391 1284 2440 s
1310 2366 1484 2456 oliantes3
1512 2377 1550 2443 et
1600 2392 1645 2446 oc
1662 2367 1778 2468 ipsum
1805 2391 1874 2442 nnn
1892 2367 2006 2442 sulum
2024 2367 2086 2444 ulii

390 2391 523 2544 (batres
548 2469 681 2558 nostri,
707 2467 802 2545 sient
826 2467 945 2542 multis
970 2467 1208 2544 referentibus
1232 2393 1450 2561 erudivimus,
1477 2467 1547 2545 sed
1573 2471 1689 2547 eciam
1713 2483 1750 2546 at
1774 2495 1842 2546 uros
1866 2471 1901 2544 in
1928 2495 2085 2570 persona

293 2573 298 2578 ’
391 2583 514 2656 nostra
538 2569 713 2648 debemus
739 2568 887 2646 cottidie
911 2582 1144 2673 exspectare.
1198 2573 1352 2650 Placeat
1373 2573 1481 2672 igitur
1504 2574 1609 2650 vobis
1632 2584 1739 2675 pater
1763 2584 1801 2650 et
1819 2569 1959 2650 domine
1975 2597 2085 2651 reve-

390 2671 523 2764 rende,
553 2671 781 2750 condolendo
804 2673 907 2750 nohis
932 2687 971 2750 et
995 2675 1159 2752 ecclesie
1183 2687 1323 2768 nostre,
1351 2675 1579 2778 superfacto
1597 2673 1800 2778 hujusmodi
1824 2687 1895 2752 mm
1912 2677 2083 2778 nephario

392 2777 576 2854 consilium
596 2789 634 2854 et
650 2777 820 2883 auxilium
837 2776 1117 2856 misericorditer
1133 2779 1312 2881 impertiri.

220 3209 390 3262 cmxxvru.
496 3187 599 3284 Item,
618 3187 758 3267 domino
776 3190 1054 3293 archiepiscopo
1068 3187 1346 3286 (Guenneusi
1363 3189 1556 3268 Thomas
1573 3191 2083 3293 ep.Wratinl.auiensis).

255 3289 333 3359 ¹⁹⁸⁵2
495 3293 589 3384 Quia
614 3296 737 3370 nostra
756 3307 793 3371 et
810 3295 974 3372 ecclesie
991 3304 1115 3369 nostre
1132 3294 1288 3392 negocia
1305 3304 1431 3372 vestra
1451 3295 1597 3395 propria
1612 3306 1839 3394 reputantes,
1865 3292 1915 3370 ad
1940 3305 2082 3398 promo·

239 3365 353 3430 “W''
391 3395 530 3472 cionem
554 3397 709 3498 ipsorum
733 3421 870 3474 omnem
893 3421 960 3498 per
982 3397 1142 3496 graciam
1165 3409 1325 3473 vestram
1355 3397 1578 3498 apposuistis
1603 3396 1878 3478 sollicitudinem
1903 3410 1942 3476 et
1972 3423 2082 3500 opere

391 3496 553 3576 studium
564 3498 744 3592 efficacis,
761 3501 933 3578 immense
974 3499 1076 3576 ietati
1093 3509 1217 3576 vestre
1233 3525 1374 3578 necnon
1393 3511 1431 3577 et
1447 3526 1512 3602 pro
1531 3525 1588 3594 eo,
1615 3500 1711 3602 quood
1727 3502 1869 3580 litteras
1887 3502 1995 3580 utiles
2011 3502 2082 3604 ipsi
2177 3545 2180 3548 ·
2243 3543 2249 3569 ··

392 3599 556 3679 ecclesie
580 3613 703 3679 nostre
727 3603 885 3704 scriptas
981 3603 1114 3679 curiam
1139 3604 1243 3688 nobis
1268 3629 1334 3707 per
1359 3615 1517 3680 nostrum
1540 3605 1703 3682 nuncium
1720 3607 1986 3698 transmisistis,
2013 3630 2081 3682 non
2240 3649 2247 3661 ·

309 3703 339 3730 ”
392 3728 484 3804 quas
502 3701 675 3780 debemus
693 3703 764 3782 sad
781 3731 871 3806 quas
888 3731 1081 3808 possumus
1099 3707 1298 3806 graciarum
1317 3707 1504 3786 referimus
1527 3708 1714 3786 acciones.
1767 3710 1849 3786 lloo
1872 3720 1991 3788 antem
2014 3711 2081 3786 he·

391 3807 554 3907 nignitati
570 3819 695 3886 vestre
711 3809 941 3912 presentibus
957 3811 1173 3904 innotescat,
1200 3809 1295 3912 quod
1313 3807 1444 3886 dudum
1462 3823 1650 3912 antequam
1668 3810 1719 3888 ad
1735 3837 1802 3888 nos
1818 3809 1941 3890 lidel’m
1957 3823 2083 3890 vester

390 3923 516 3987 noster
540 3907 697 3989 dilectus
722 3910 816 3988 dom.
841 3913 1071 3991 Johannes
1096 3913 1459 3992 hanchicieusis
1483 3916 1690 4017 prepositus
1713 3917 1959 4017 pervenisset,
1987 3915 2080 3992 duae

392 4011 441 4090 da
457 4014 627 4092 fratribus
644 4017 795 4110 nostris,
821 4015 993 4094 videlicet
1014 4019 1219 4117 magistrum
1236 4015 1462 4095 Andrean
1478 4019 1915 4097 Wratinlauiensem
1933 4029 1972 4096 et
1988 4017 2081 4095 dnm.

391 4115 690 4196 Laurenoium
716 4119 1067 4222 Glogouieusem
1090 4119 1382 4224 archidyaconus
1404 4123 1581 4221 elegimus
1604 4121 1654 4198 ad
1678 4124 1813 4200 curiam
1829 4119 2080 4216 destinandos,

392 4220 475 4322 quia
500 4219 762 4300 dubitacionenr
787 4223 991 4316 habuimus,
1016 4249 1131 4327 ymmo
1157 4251 1225 4300 non
1245 4223 1484 4302 credebamus
1510 4227 1648 4302 omnino
1674 4224 1770 4327 qnod
1787 4223 1973 4328 predictus
1988 4223 2081 4304 dum

391 4327 615 4501 prepositos,
643 4351 744 4426 quem
763 4353 806 4403 su
833 4351 874 4404 er
890 4328 960 4404 hoc
978 4325 1075 4430 apud
1094 4325 1363 4406 Cracouiam
1387 4353 1645 4430 rogaveramus
1669 4330 1896 4432 specialiter,
1922 4330 2079 4406 lahorem

418 4427 596 4526 njusmodi
618 4441 764 4532 propter
837 4431 1008 4508 bilitateur
1033 4432 1211 4532 corporis,
1238 4455 1310 4532 qua
1330 4432 1445 4533 ipsum
1468 4431 1620 4508 vidimus
1637 4434 1867 4534 pregravari,
1893 4455 2081 4512 assum

389 4531 582 4652 potuisset.
635 4533 819 4633 Roganrus
843 4542 962 4611 antem
983 4535 1232 4638 paternitatem
1257 4547 1415 4612 neruum
1439 4536 1616 4614 humiliter
1632 4537 1878 4630 alluerentur,
1904 4546 2081 4636 quatenns

389 4655 505 4734 rpsurn
530 4631 702 4711 dominum
726 4637 944 4738 prepositum
968 4638 1206 4740 peticionibus
1231 4637 1364 4714 vestris
1388 4635 1440 4714 ad
1463 4637 1537 4716 hoo
1560 4650 1686 4719 tenere
1712 4639 1853 4731 velitis,
1880 4637 1976 4763 prud
2001 4665 2081 4742 cumr

393 4757 484 4836 opus
508 4735 616 4813 luerit
639 4763 683 4816 se
707 4740 809 4816 nobis
832 4739 1005 4818 exhibeat
1028 4742 1062 4818 iu
1081 4741 1245 4820 ecclesie
1262 4751 1385 4817 nostre
1402 4742 1568 4842 negociis
1590 4755 1628 4820 ut
1644 4755 1807 4847 optamus
1827 4743 2025 4820 bemvolunn
2043 4755 2081 4820 ct

391 4849 564 4940 paratum.
617 4839 805 4919 Noveritis
830 4843 961 4935 eciam,
988 4869 1035 4919 no
1105 4845 1242 4922 relatos
1266 4843 1416 4929 nurncios
1440 4855 1602 4942 nostros,
1629 4849 1687 4948 qui
1711 4847 2009 4933 accessurisunt
2025 4843 2080 4922 ad

197 5043 202 5056 .
233 4953 278 5010 as
296 4959 367 5027 nug.
393 4939 544 5030 crurium,
573 4941 671 5022 velle
695 4943 792 5047 apud
817 4971 885 5024 nos
908 4971 1023 5050 usquc
1036 4871 1103 5025 ssd
1115 4959 1268 5027 octavas
1286 4949 1550 5050 assumpciunis
1567 4953 1601 5028 b.
1619 4951 1768 5052 virgiuis
1784 4951 1958 5044 remae,
1985 4947 2079 5042 trude
