4660 5762
435 525 513 607 oce
1049 533 1262 608 crtum
1315 497 1514 610 ocxnrr.

433 731 565 812 laoioni
597 731 713 810 nnncii
738 731 849 808 nostri
868 733 992 834 jrrati.
1050 741 1179 812 Datum
1210 735 1337 830 dietis,
1362 737 1468 814 Vlll.
1497 737 1581 815 idns
1606 739 1717 841 Majt,
1742 765 1809 843 per
1832 741 2111 823 obituielieis

433 835 702 916 recordacionis
727 833 820 914 donn
846 837 1039 914 Houorii
1063 865 1160 942 pape
1184 839 1253 916 IV.
1279 843 1484 944 apostolica
1508 841 1603 922 sede
1626 857 1795 922 neate.

275 1261 405 1319 ⁰⁰¹1st
507 1255 597 1332 item
614 1253 698 1330 alia
723 1251 971 1345 Jobannes,
988 1251 1227 1329 miseracione
1243 1249 1666 1331 clirina'l'nsenlauns
1683 1279 1756 1358 ep,
1772 1267 1905 1358 apost,
1924 1257 2007 1335 sed.
2023 1257 2112 1359 leg,

282 1343 389 1472 ἑῇ.
431 1357 693 1438 venerabilibus
718 1359 753 1433 in
780 1354 927 1436 Christo
952 1355 1112 1457 patribus
1139 1411 1178 1430 ..
1205 1355 1482 1460 archiepiscopo
1509 1355 1770 1435 Guenneusi
1795 1371 1834 1436 et
1859 1413 1900 1436 ..
1928 1363 2113 1465 episcopis

431 1461 754 1554 emoniensi,
781 1458 1183 1552 Wratizlaniensi,
1209 1459 1443 1552 Plocensi,
1477 1459 1872 1540 Wladialaniensi
1897 1477 1936 1542 et
1960 1468 2114 1542 Lubn-

431 1567 559 1646 censi
587 1566 738 1643 salutem
765 1575 802 1642 et
827 1564 1004 1640 sinceram
1035 1563 1071 1638 in
1097 1561 1237 1639 donnino
1262 1564 1459 1641 caritatem.
1506 1563 1572 1640 Ex
1597 1577 1700 1668 parte
1719 1577 1851 1643 nestra
1867 1569 1971 1645 nobis
1996 1571 2115 1647 extitit

428 1671 603 1748 humiliter
628 1669 874 1772 supplicatum,
901 1679 940 1742 nt
964 1692 1132 1742 summam
1158 1679 1355 1743 nostrornm
1379 1669 1682 1770 procuracionem,
1709 1695 1813 1770 qnam
1829 1673 1935 1748 robis
1959 1685 1996 1750 et
2011 1673 2112 1750 clero

428 1787 551 1853 vestro
578 1799 641 1878 pro
666 1771 825 1876 presenti
850 1772 960 1874 primo
986 1795 1078 1846 anno
1104 1767 1270 1848 duximus
1295 1770 1540 1874 imponendam
1558 1770 1734 1850 ruoderari
1755 1797 1802 1851 ac
1819 1783 2111 1852 rescroucionem

429 1883 692 1980 beneficiorum
716 1890 835 1952 vestre
858 1881 1048 1974 provincie
1074 1900 1142 1978 per
1165 1899 1232 1950 nor
1260 1875 1393 1952 sociem
1419 1875 1589 1953 relaxare
1615 1873 1853 1977 dignaremur,
1884 1903 1963 1956 cnm
1990 1881 2111 1958 exeis

427 2007 496 2060 ros
529 1991 566 2059 et
597 1981 729 2058 clerum
760 1989 919 2056 restrum
950 1979 1131 2055 asseratis
1162 1979 1241 2055 sore
1276 1980 1413 2054 nimiunn
1448 1991 1683 2080 aggravatos.
1745 1981 1829 2056 Nos
1861 1983 1983 2084 itaque
2007 1984 2110 2060 vobis

428 2097 576 2190 paterno
590 2083 859 2186 compacientes
884 2081 1028 2174 atl’ectn',
1054 2081 1142 2158 licet
1168 2107 1334 2158 sommam
1360 2083 1630 2184 imposuerimus
1655 2097 1881 2162 memoratam
1908 2085 1957 2164 de
1974 2087 2110 2164 illorum

427 2189 578 2268 consilio
605 2188 663 2290 qui
687 2185 854 2263 noticiam
880 2183 1071 2262 earundem
1096 2185 1255 2286 parcium
1281 2197 1489 2262 asseruntur
1513 2188 1661 2280 babere,
1687 2193 1827 2288 rejecto
1854 2215 1976 2268 errore
1989 2191 2108 2268 babitu

427 2295 461 2370 iu
488 2294 613 2396 episco
639 2301 698 2368 atn
724 2289 945 2366 Plocensi
972 2287 1112 2364 dnobus
1137 2289 1332 2364 nominibus
1357 2301 1571 2394 nuncupato,
1598 2316 1766 2367 summam
1792 2293 1888 2370 mille
1912 2319 2108 2372 marcarum

427 2396 594 2475 moderan
622 2421 643 2474 o
668 2392 872 2472 reduciuns
904 2390 954 2468 ad
979 2419 999 2467 s
1048 2393 1228 2492 tingentes
1261 2417 1403 2470 marcos
1434 2392 1605 2496 ponderis
1631 2393 1925 2474 coloniensis
1959 2399 2106 2476 solven-

427 2499 499 2578 dos
524 2501 626 2576 nobis
651 2498 744 2574 infra
768 2493 949 2620 kalendas
969 2495 1061 2618 onii
1086 2496 1245 2618 proximo
1270 2499 1408 2620 rentpri
1435 2497 1550 2578 altero
1573 2497 1710 2575 illornnr
1735 2500 1894 2576 locorrmn
1914 2499 1964 2578 de
1981 2503 2106 2602 onibus

427 2601 2105 2811 :lttiuztllbt„limittit:iletett'tttlt'iti‘itt

422 2815 531 2914 juxta
554 2823 712 2889 vestram
738 2805 1029 2886 consuetudinem
1059 2807 1311 2908 relinquentes.
1375 2809 1461 2912 Nec¹
1494 2820 1620 2886 restra
1650 2811 1794 2887 miretur
1826 2813 2034 2913 paternitas,
2068 2813 2102 2888 si

427 2941 594 2993 wmmom
618 2911 816 3018 predictam
847 2910 896 2988 ad
929 2913 1093 2989 minorem
1128 2935 1197 2987 non
1228 2910 1449 2988 moderemur
1473 2911 1522 2988 ad
1547 2937 1718 3016 presens,
1754 2937 1834 2991 cnm
1859 2940 1924 3017 pro
1947 2915 2101 3016 negorio

425 3019 560 3124 imperii
586 3013 846 3110 consumendo,
877 3013 972 3118 qnod
1004 3039 1092 3092 esse
1127 3012 1272 3090 ardnnnn
1301 3015 1405 3092 nimis
1437 3041 1507 3092 vos
1541 3015 1721 3094 credimns
1754 3041 1823 3093 non
1855 3019 1989 3113 latere,
2023 3043 2101 3096 crnn
2243 3020 2249 3036 ‘

424 3125 542 3200 runltis
568 3121 823 3200 eveccionibns
854 3131 893 3197 et
916 3118 1148 3195 familiaribus
1173 3143 1197 3195 a
1222 3117 1315 3197 sede
1346 3120 1549 3222 apostolica
1580 3121 1709 3196 inimus
1741 3119 1929 3214 destinati,
1966 3124 2100 3214 scituri,

449 3226 532 3320 nod,
560 3227 592 3302 si
616 3251 683 3302 nos
710 3224 892 3323 contingat
917 3223 1034 3299 futuro
1059 3247 1151 3298 anno
1176 3223 1212 3297 in
1238 3233 1360 3301 nostre
1385 3223 1586 3323 legacionis
1612 3223 1732 3303 officio
1757 3249 1956 3318 remanere,
1982 3229 2100 3304 inten-

425 3253 540 3407 dimus
564 3341 708 3406 nostras
732 3327 1012 3430 procuraciones
1038 3326 1139 3402 circa
1162 3349 1231 3400 vor
1257 3325 1444 3420 moderari,
1470 3326 1565 3428 quod
1590 3326 1641 3404 ad
1665 3329 1826 3428 ffociam
1850 3331 2015 3432 poteritis
2041 3355 2101 3408 re·

426 3445 562 3537 putare.
616 3437 849 3507 Relacumue
873 3434 974 3505 vobis
997 3435 1291 3505 reservuciouem
1312 3437 1545 3529 predictum,
1581 3432 1613 3506 si
1639 3443 1678 3506 nt
1710 3431 1923 3510 obediencie
1948 3435 2010 3510 lilii
2036 3458 2101 3510 no·

427 3540 512 3613 stris
537 3535 697 3640 pereatis
723 3531 958 3634 beneplacitis
985 3545 1023 3610 et
1048 3530 1235 3624 mandatis,
1262 3533 1415 3634 alioquin
1443 3557 1522 3610 eam
1549 3547 1586 3611 et
1611 3547 1755 3612 nostras
1781 3538 1991 3614 sentencias
2011 3561 2099 3614 eon-

426 3651 482 3717 tra
506 3663 574 3716 vos
600 3637 760 3742 prolatos
785 3637 821 3713 iu
839 3661 905 3712 suo
922 3635 1083 3712 volomus
1100 3637 1229 3712 robore
1245 3661 1465 3738 permanere.
1511 3639 1595 3714 Dat
1615 3639 1742 3732 Motis,
1765 3639 1871 3715 Vlll.
1895 3639 1979 3718 idos
1997 3639 2098 3740 Maji.

529 4055 699 4148 Quoniam
726 4063 840 4131 autern
867 4065 1020 4128 artaunr
1045 4049 1212 4153 temporis
1238 4051 1426 4144 brevitate,
1445 4051 1700 4129 fraternitatem
1717 4063 1874 4130 vestram
1892 4052 2098 4152 requirimus

427 4175 465 4240 et
489 4185 673 4264 rogamus,
701 4183 780 4236 cnm
805 4155 1016 4234 reverencia
1041 4179 1110 4255 qna
1135 4152 1246 4232 decet
1269 4152 1492 4248 mandantes,
1518 4167 1694 4257 quatenns
1721 4156 1753 4232 ri
1774 4155 2013 4257 appellacioni
2038 4154 2097 4230 la-

281 4293 307 4350 e.
323 4295 393 4348 sonu
427 4277 487 4344 cte
512 4289 577 4368 per
600 4287 666 4340 uos
693 4273 730 4340 et
753 4263 1070 4364 renovatecoranr
1095 4258 1222 4335 nuncio
1248 4256 1377 4335 domini
1408 4259 1521 4360 legati
1545 4258 1613 4334 Vl.
1645 4257 1728 4334 idns
1759 4259 1857 4336 Jnnii
1888 4283 1956 4334 non
1991 4259 2097 4336 vultis

427 4367 604 4462 insistere,
631 4365 679 4445 od
704 4390 771 4442 nos
795 4364 886 4439 risis
912 4362 1137 4466 presentibus
1163 4373 1307 4438 uestros
1323 4361 1454 4441 fideles
1480 4375 1517 4440 et
1534 4360 1715 4438 discretos
1731 4363 1882 4438 nuncios
1899 4358 1948 4438 nd
1966 4375 2096 4440 anm-

427 4467 508 4548 dnm
534 4471 708 4578 dyocesin
734 4467 935 4544 destinetis.
968 4465 1106 4546 Cetera
1121 4466 1224 4560 lator,
1251 4467 1308 4544 cni
1332 4465 1439 4546 fidem
1464 4466 1615 4569 petimus
1641 4461 1814 4542 adhiberi.
1850 4465 1981 4542 Datum
2000 4463 2097 4568 apnd

278 4597 391 4654 tamn
428 4573 628 4672 Lowich,
654 4573 703 4649 V.
729 4568 811 4648 idos
835 4569 943 4647 Junii.
980 4603 986 4616 ·

529 4684 637 4760 Licet
659 4677 766 4778 igitur
788 4670 971 4796 predictus
996 4669 1088 4796 dom.
1114 4671 1259 4774 legatus
1284 4669 1365 4793 sed..
1391 4681 1508 4773 apost.
1522 4669 1687 4792 pecunie
1712 4665 1959 4794 qnantitptem,
1993 4695 2095 4771 quam

429 4787 572 4912 ’ΨΜ
596 4779 885 4956 p‘⁰⁰¹¹·'''⁰·¹⁰¹l¹›''¹
900 4787 1025 4958 titt
1050 4775 1251 4958 iiiii
1269 4773 1709 4956 lebetem?
1744 4785 1783 4852 ⁰‘
1803 4799 1883 4956 23¹⁸
1896 4775 2094 4956 „3¹22er

429 4909 518 5092 :timos
540 4888 802 5094 (ddepiiiitiipiooir'⁸
814 4905 954 5062 nosiros
985 4981 1207 5086 diqnomodo
1237 4931 1430 5074 nioderari,
1462 4904 1529 5060 noi
1559 4903 1807 5074 &cointium
1838 4904 1950 5061 uinus
1980 4981 2093 5060 noret
