4524 5770
807 579 1018 652 Urlmden
1056 579 1129 648 IX.
1151 579 1198 650 Xr
1820 577 1869 652 lc

179 780 309 859 dsunt
333 781 389 858 eis
406 784 492 882 jrrro
516 805 596 874 sno,
623 791 661 858 et
688 781 720 856 si
745 779 854 881 aliqui
870 781 1001 858 suerint
1018 791 1250 858 contumaees
1268 792 1306 858 et
1321 791 1467 884 propter
1482 782 1554 860 hoc
1571 782 1701 860 luerint
1718 809 1869 862 excom-
1974 790 1976 804 '

179 885 359 978 munienti,
385 909 453 960 nos
469 885 561 987 ipsis
579 907 648 959 non
667 885 1012 964 communicabimus.
1043 885 1286 967 Securitatem
1304 909 1443 986 quoque
1461 884 1623 967 dabimus
1640 889 1781 966 nuncii·
1799 887 1868 966 do-

179 990 260 1066 mini
285 989 450 1091 episcopi
474 1000 512 1064 et
537 987 700 1066 ecclesie
725 1013 789 1090 pro
807 989 972 1090 negociis
989 991 1145 1092 ipsorum
1162 987 1389 1091 proterendis
1408 1001 1445 1066 et
1462 988 1715 1092 expediendis.
1767 993 1867 1087 ltem,

180 1117 291 1196 snper
308 1093 645 1169 commutacionibus
663 1105 834 1168 terrnmm
858 1093 1039 1186 ecclesie,
1067 1119 1136 1194 qne
1160 1091 1313 1170 nondum
1337 1105 1420 1169 sunt
1443 1106 1666 1188 commutate,
1692 1095 1868 1174 sociemus

179 1199 283 1274 linem
301 1194 499 1274 secundnm
515 1208 675 1273 tenorem
691 1197 802 1298 prime
819 1197 1105 1298 repromissionis
1124 1201 1277 1298 (quam),
1306 1222 1370 1300 pro
1383 1201 1467 1298 jure
1486 1199 1600 1274 eciom
1617 1199 1753 1277 Wrot.
1773 1198 1868 1306 dyo-

181 1301 282 1378 cesis
299 1301 523 1402 promisimus
542 1313 667 1376 contrn
685 1323 820 1376 omnem
837 1301 1023 1394 bominem,
1051 1301 1109 1402 qni
1124 1303 1239 1404 ipsum
1258 1301 1443 1379 conabitur
1457 1299 1641 1404 impedire.

284 1409 385 1480 Acte
402 1417 485 1480 sunt
502 1405 626 1480 hecin
643 1404 683 1480 N
688 1430 794 1508 yzo,
822 1407 1050 1510 presentibus
1074 1403 1214 1484 domino
1239 1407 1413 1508 episcopo
1438 1404 1746 1500 (namucensi,
1774 1405 1869 1486 duce

179 1510 391 1600 ilenrico,
410 1506 505 1586 duce
523 1506 800 1601 wladizlao,
819 1510 1002 1610 preposito
1020 1508 1264 1610 Bognzloo,
1284 1507 1471 1586 Sdislao
1489 1507 1656 1602 custode,
1673 1509 1868 1606 Ecordo,

180 1611 446 1704 Wilhelmo,
482 1611 668 1704 Thone,
704 1610 844 1690 domino
868 1613 1105 1714 Bognsleo
1138 1627 1286 1692 cantore
1311 1613 1495 1692 cononicis
1518 1613 1664 1693 Wrat.
1687 1615 1869 1694 Mrocb·

180 1741 296 1794 cone
321 1715 524 1794 castellone
551 1713 599 1794 de
623 1715 824 1812 Rechen,
851 1717 1041 1797 Alberto
1065 1717 1266 1797 costellnuo
1293 1715 1449 1810 Wrot„
1478 1713 1643 1798 Ottone
1668 1718 1871 1799 castellano

180 1821 486 1922 Legnieensi‚
515 1814 731 1898 Gebordu
749 1832 787 1898 ct
803 1821 921 1899 multis
940 1821 1034 1914 aliis,
1062 1847 1153 1900 onon
1173 1819 1301 1900 domini
1318 1819 1477 1900 MCCL.
1512 1819 1554 1898 ln
1573 1827 1679 1924 cujus
1696 1824 1749 1903 rei
1766 1823 1872 1900 robur

180 1939 218 2002 et
234 1925 435 2000 memoriam
452 1935 657 2026 presentem
674 1923 812 2000 literam
830 1925 962 2026 sigillis
980 1937 1101 2005 nostro
1117 1939 1154 2004 et
1168 1923 1297 2004 domini
1316 1925 1479 2028 episcopi
1497 1923 1815 2004 Olomucensis
1833 1939 1872 2004 et

181 2028 303 2106 fratris
321 2029 433 2104 nostri
450 2029 638 2106 Henrioi
657 2025 822 2106 dioximus
840 2027 1074 2106 muniendum.

823 2313 1229 2328 =fflffl

998 2541 1055 2632 X.

180 2731 309 2810 Ιιςιιι,
333 2733 402 2795 emt
420 2747 475 2798 mn
496 2735 611 2807 litut,
633 2731 736 2796 ηοω
757 2747 812 2796 ron
834 2731 934 2806 totns,
956 2733 1120 2796 vrntettet
1141 2733 1262 2795 notter
1276 2733 1551 2798 {conmonuemus
1566 2735 1618 2795 tor
1631 2735 1673 2798 tn
1688 2731 1872 2810 tmnnotnn
1927 2749 2006 2818 toul,

829 2849 886 2898 rot
908 2835 1085 2912 nutrientur
1107 2833 1217 2897 boner.
1906 2819 2013 2877 nsum

648 2989 727 3040 Liber
744 2989 819 3056 nigor
836 2988 1031 3056 privilegiorum
1047 2989 1163 3052 κρίκου.
1179 2990 1266 3043 Wrnt.
1281 2990 1329 3044 tot.
1344 2985 1405 3046 Μ

284 3123 369 3199 Nos
386 3123 595 3224 Magnus,
614 3120 650 3198 d.
666 3145 719 3224 gr.
737 3123 943 3224 prepositos
960 3123 1261 3215 Lubncensis,
1281 3143 1404 3200 comes
1414 3123 1536 3222 junior
1553 3119 1601 3198 de
1618 3121 1871 3216 Hnnbnlt¹)‚

180 3225 412 3304 intendentes
428 3227 585 3329 pacifice
601 3229 727 3304 virere
746 3251 825 3302 enm
841 3225 1040 3316 venerabili
1055 3235 1176 3327 petre,
1204 3226 1378 3330 episcopo
1395 3225 1536 3301 Wrot.
1556 3235 1594 3302 et
1611 3225 1775 3302 ecclesie
1792 3249 1872 3321 sno,

180 3352 482 3433 supervacaneos
501 3333 615 3408 eclom
632 3331 717 3408 lites
736 3341 993 3432 nspemnntes‚
1021 3353 1090 3436 qne
1113 3331 1296 3407 materiem
1315 3339 1480 3431 prestent
1503 3329 1680 3407 criminum
1705 3339 1743 3406 et
1764 3329 1872 3422 inutl-

179 3435 265 3510 lium
291 3459 544 3538 expensorum,
575 3445 824 3537 protestamur,
851 3433 946 3536 quod
972 3435 1130 3512 contenti
1150 3433 1334 3511 veteribus
1358 3431 1509 3512 decimis
1531 3431 1580 3511 de
1597 3431 1761 3510 ussum
1778 3434 1873 3509 Zo-

181 3541 417 3640 goniensi,
444 3563 514 3640 que
538 3539 672 3616 collate
695 3539 837 3616 suerunt
861 3539 942 3615 olim
964 3565 1031 3639 per
1048 3539 1174 3640 episco
1199 3563 1256 3613 nm
1268 3538 1410 3614 Wrot.
1429 3538 1690 3614 Lubnzensi
1706 3538 1874 3641 preposi-¹

180 3657 263 3719 tore
288 3653 326 3720 et
343 3667 433 3744 quas
458 3644 571 3718 nostri
593 3655 853 3720 antecessores
876 3653 1125 3746 perceperunt,
1153 3563 1406 3720 dinomenes
1432 3643 1579 3718 omnium
1603 3641 1776 3737 vdlnmm,
1805 3663 1874 3743 que

180 3749 219 3824 in
246 3745 375 3824 eodem
398 3745 562 3824 districtu
585 3758 719 3850 postea
742 3746 979 3841 summonte,
1007 3747 1167 3823 nolumus
1193 3769 1261 3823 nos
1284 3746 1477 3824 inmiscere
1500 3771 1570 3826 nec
1594 3747 1748 3848 aliquam
1765 3769 1875 3849 snper

180 3851 405 3928 lroeWrot.
425 3849 600 3954 episcopo
617 3851 679 3927 vel
697 3849 863 3928 ecclesie
885 3849 1013 3928 faeere
1033 3853 1265 3952 questionem.
1297 3849 1429 3926 Datum
1446 3875 1539 3928 nuno
1552 3848 1682 3926 domini
1694 3847 1873 3929 meent.

182 3953 334 4078 kalend..
358 3952 475 4049 Jnrrii,
501 3955 729 4133 presentibus
755 3950 905 4079 dominis
929 3955 956 4031 J
962 3954 1077 4077 ohan
1084 3979 1138 4032 ne
1162 3951 1430 4048 archidiacono,
1456 3955 1628 4080 magistro
1644 3953 1875 4078 progenie

181 4055 1874 4264 prpppppcpppzroepesponnpppppflpoozpppglgnumppdnpmsepesphnppcct

183 4267 326 4346 nunicis
343 4267 490 4342 Wrot.
508 4267 693 4367 llngone
713 4277 751 4342 et
767 4264 910 4341 Paulo
927 4265 1061 4340 nostris
1074 4264 1228 4341 mnelis.
1445 4269 1448 4275 '
1872 4277 1876 4288 “

119 4476 132 4501 ⁸
231 4549 264 4624 1)
294 4539 437 4632 Magnus,
460 4537 516 4604 der
538 4537 627 4606 Sohn
649 4537 863 4617 Heinrichsl„
884 4538 1032 4615 Fiimterts
1046 4554 1107 4604 von
1127 4535 1257 4604 ululiolt,
1296 4537 1330 4604 S.
1351 4533 1572 4604 Wohlbn‘ieis
1593 4533 1706 4603 Geseh.
1728 4537 1783 4604 des
1804 4532 1876 4602 cis-

293 4623 566 4775 3331aeme
595 4624 627 4690 S.
648 4622 699 4708 82,
722 4623 779 4688 der
809 4621 891 4688 cuch
914 4623 998 4689 dieue
1020 4623 1099 4690 Urlr.
1122 4623 1153 4690 S.
1175 4622 1219 4691 83
1246 4623 1330 4690 docb
1356 4619 1588 4715 nuvollst'u'ndig
1614 4621 1671 4689 hot
1691 4622 1875 4690 abdmcten
