4594 5774
818 551 1034 625 censes.
1084 541 1267 624 coxon.
1817 549 1893 628 ³3³

208 767 363 836 rosham
390 755 588 834 ecclesiam
612 753 1050 831 Wratialauiensem
1080 751 1325 858 supradictam
1357 751 1476 832 eidem
1510 753 1602 834 dom.
1632 755 1894 860 Stephano,

210 873 248 937 ut
279 885 325 938 eo
357 860 473 939 cicius
506 857 763 936 reducerentur
795 855 845 932 od
877 857 1063 935 udhtotem
1097 859 1278 950 ecclesie,
1315 883 1365 935 ex
1399 859 1527 958 gracia
1560 857 1811 940 donaverimus
1845 861 1896 938 ad

208 979 362 1070 tempusa
415 961 710 1042 considerantes·
727 973 861 1053 nmero,
894 959 990 1062 qood
1022 961 1209 1063 hucusque
1240 961 1417 1042 modicum
1443 963 1607 1040 utilitatis
1637 991 1700 1066 pro
1728 990 1772 1044 eo
1799 960 1895 1066 quod
2002 975 2004 982 ’

210 1067 361 1146 deserte
386 1083 469 1146 suut
494 1081 532 1144 et
556 1065 675 1166 alique
701 1065 865 1142 alienate
882 1066 1118 1168 proveniebat
1143 1065 1307 1145 ecclesie
1332 1091 1381 1142 ex
1407 1067 1504 1144 villis
1530 1065 1668 1146 eisdem
1695 1094 1742 1145 ac
1767 1070 1895 1146 volen-

212 1186 270 1250 tes
297 1173 471 1276 prefatum
498 1169 769 1273 Stephanum
797 1167 846 1244 ad
872 1169 999 1268 quevis
1025 1171 1200 1272 obsequia
1223 1168 1380 1248 reddere
1404 1171 1671 1273 prumpciorem‚
1697 1173 1800 1274 ipsas
1824 1174 1895 1250 vil-

210 1277 270 1354 las
299 1303 377 1355 cunr
401 1275 574 1352 fructibus
601 1274 697 1365 suis,
731 1271 899 1365 decimis,
927 1273 1116 1367 censibus,
1150 1273 1360 1350 utilitatibus
1387 1285 1425 1351 et
1450 1275 1680 1376 pertinenciis
1705 1277 1896 1371 universis,

211 1391 315 1483 prout
340 1377 389 1455 'ad
414 1405 480 1455 uos
508 1389 545 1455 et
571 1388 725 1452 nostram
754 1387 922 1478 spectant
947 1377 1143 1455 ecclesiam
1161 1379 1315 1471 Wrat,
1343 1375 1391 1456 de
1418 1403 1598 1456 consensu
1626 1380 1737 1456 nostri
1754 1379 1893 1456 Wrat.

212 1483 359 1587 capiurli
390 1483 424 1557 in
459 1481 618 1582 greciam
652 1480 880 1581 personalem
912 1477 1078 1556 duximus
1110 1479 1370 1584 concedendas
1403 1479 1638 1585 Stephano
1673 1481 1894 1584 supradicto,

209 1587 262 1663 ita
285 1585 476 1676 videlicet,
511 1581 607 1684 quod
639 1581 688 1658 ad
719 1583 793 1658 vite
825 1607 893 1659 soe
926 1593 1086 1686 tempora
1117 1585 1305 1662 universos
1337 1585 1476 1662 fructus
1503 1597 1540 1663 et
1565 1587 1748 1679 utilitates,
1775 1588 1896 1688 quiet

232 1715 278 1767 ue
305 1713 354 1766 ex
379 1689 475 1764 villis
500 1685 703 1787 hujusmodi
729 1687 951 1788 proveniunt,
977 1685 1092 1765 libere
1117 1690 1306 1791 percipere
1343 1687 1477 1766 debeat
1510 1701 1548 1766 et
1573 1701 1657 1766 ante
1683 1692 1800 1766 omnia
1825 1687 1893 1768 de-

208 1715 346 1872 lucere
372 1818 436 1894 pro
463 1817 531 1868 sua
557 1815 713 1892 persona
738 1801 888 1890 quatuor
911 1815 1057 1870 marcas
1081 1817 1286 1894 grossorum
1314 1793 1606 1894 Prageusium
1634 1806 1671 1870 et
1688 1794 1894 1873 Polouici

208 1896 414 2000 pagamenti
440 1893 592 1995 singulis
619 1895 733 1983 urnis,
761 1893 888 1996 quihus
913 1895 969 1972 sic
996 1893 1165 1973 deductis
1191 1895 1348 1998 quitquid
1374 1895 1552 1974 residuum
1579 1897 1687 1974 surerit
1712 1897 1894 1974 nobiscum

209 2013 272 2078 aut
298 2025 377 2077 curn
403 2023 624 2076 successore
649 2009 782 2088 nostro,
810 1999 868 2099 qui
899 2024 963 2100 pro
994 2017 1154 2102 tempore
1185 2001 1302 2089 suerit,
1329 1997 1494 2077 dividere
1521 2002 1695 2102 equaliter
1720 2003 1896 2078 tenebitur

212 2119 249 2182 ct
274 2103 407 2206 partiri,
435 2101 562 2178 eodem
589 2111 707 2177 autem
734 2100 974 2204 Stephano
1001 2103 1172 2181 defuncto
1198 2102 1364 2206 predicte
1389 2105 1476 2182 ville
1503 2129 1582 2182 curu
1609 2106 1686 2180 suis
1712 2105 1894 2207 pertinen-

210 2209 279 2286 ciis
312 2222 351 2282 ut
380 2206 478 2308 prius
514 2205 562 2281 ad
596 2206 791 2282 ecclesiam
827 2217 983 2302 nostram
1009 2207 1149 2282 Wrat.
1183 2205 1303 2284 redire
1327 2207 1489 2284 volumus
1521 2209 1754 2308 integraliter·
1770 2221 1807 2314 et
1832 2235 1894 2287 re·
1942 2298 1945 2308 Ι

210 2310 307 2388 duci.
359 2307 532 2384 Villarom
558 2305 794 2412 predictarum
821 2333 908 2386 vero
935 2309 1074 2386 nomina
1098 2309 1170 2389 hec
1196 2323 1290 2403 sunt,
1315 2311 1426 2413 primo
1454 2309 1646 2405 Chleuo,
1673 2313 1894 2391 Bobrow·

209 2413 321 2506 niki,
348 2411 738 2504 Sonarzeczowo,
759 2409 1123 2516 Wysschunow,
1149 2415 1368 2508 Jutrcow‚
1395 2416 1655 2519 Lubczyna,
1682 2417 1893 2520 lllyrcoW,

210 2515 478 2610 Olschowa,
503 2518 711 2606 daucum
739 2513 1127 2620 Semyianowicz,
1154 2517 1376 2610 liscowe,
1401 2521 1711 2614 Treuerricna,
1739 2521 1894 2598 Gram-

209 2622 580 2713 baninuurbinum,
607 2619 868 2721 Myiumicu‚
895 2621 1156 2712 Domauino,
1182 2621 1493 2725 Mycorszino,
1521 2625 1893 2724 Rogasschicne,

209 2723 796 2826 Cochlowo,‘Laszyscne,
824 2723 1093 2818 Parsnowo,
1122 2727 1298 2825 antiquum
1317 2723 1585 2828 Schiltberg
1603 2729 1683 2806 sive
1701 2727 1894 2807 ostrue-

209 2827 385 2919 schuw‚
424 2827 697 2918 Duruchow,
733 2826 925 2930 Swyba,
964 2828 1363 2905 Prszetocznicza
1383 2831 1411 2920 ¹)
1452 2841 1491 2906 et
1528 2831 1893 2936 Gsneszyczeb.

208 2933 290 3008 Has
323 2931 429 3032 igitur
462 2957 584 3008 omncs
615 2931 741 3023 villae,
778 2955 847 3030 que
880 2943 963 3007 suut
994 2933 1064 3008 site
1097 2933 1133 3007 in
1160 2955 1271 3032 regnu
1299 2932 1486 3009 Polouie
1519 2945 1556 3010 et
1580 2933 1729 3011 deserte
1754 2937 1896 3012 buerunt

209 3035 426 3137 temporibus
452 3035 654 3126 retroactis,
681 3033 902 3134 redigendas
926 3035 961 3110 iu
987 3039 1155 3136 maJ‘orem
1182 3035 1366 3112 utilitatem
1394 3037 1567 3126 ecclesie,
1603 3039 1742 3114 nomine
1768 3040 1894 3138 gracie

208 3139 413 3242 personalis
438 3139 581 3240 prelato
607 3136 699 3212 dom.
728 3137 986 3242 Stephano,
1021 3139 1079 3239 qui
1103 3139 1188 3242 plus
1214 3163 1334 3215 aarum
1367 3141 1470 3215 situm
1497 3141 1610 3232 novit,
1645 3143 1898 3218 concessimus

211 3245 278 3318 sub
306 3240 575 3320 condicionibus
601 3238 806 3318 antedictis.
866 3242 908 3318 ln
935 3247 1040 3344 cujus
1072 3243 1126 3319 rei
1150 3243 1386 3320 testimonium
1416 3256 1572 3320 nostrum
1607 3253 1644 3320 ct
1676 3243 1763 3323 dicti
1790 3246 1894 3348 capi·
1932 3321 1936 3329 ,

210 3347 273 3422 tuli
301 3347 422 3446 sigilla
446 3345 673 3448 presentibus
700 3355 780 3420 sunt
805 3369 981 3448 appensa.
1034 3345 1165 3422 Actium
1192 3357 1229 3423 ct
1254 3343 1372 3422 datum
1391 3345 1548 3439 Wrat.,
1575 3347 1668 3424 feria
1694 3359 1830 3449 quarta,
1856 3349 1892 3425 in

210 3451 368 3553 capitulo
402 3459 523 3525 nostro
557 3449 718 3548 generali
752 3449 936 3526 celebrato
969 3450 1004 3525 in
1036 3450 1133 3527 sesto
1167 3447 1428 3528 decollaciouis
1462 3477 1493 3526 r.
1518 3452 1696 3529 Juhaunis
1724 3454 1891 3556 baptiste,

210 3579 302 3631 curru
330 3551 457 3628 domini
484 3553 668 3629 millesimo
695 3553 947 3646 trecentesimo
974 3577 1069 3630 sexa
1096 3555 1223 3647 esinro,
1250 3555 1478 3657 presentibus
1502 3555 1766 3632 honorabilibus
1792 3558 1891 3650 viris,

210 3655 360 3733 dominis
386 3655 582 3732 Nicolao
610 3654 657 3733 de
683 3656 934 3735 Panewicu
960 3577 1125 3752 custode,
1153 3659 1293 3761 Petro
1314 3655 1362 3738 de
1381 3659 1585 3751 (lustina,
1611 3661 1818 3738 Jobaune
1844 3660 1893 3738 de

208 3762 388 3852 hubek,
416 3758 605 3862 Symoue
633 3757 680 3836 de
706 3761 931 3862 Leguicz,
957 3761 1153 3838 Nicolao
1180 3759 1228 3839 de
1254 3760 1585 3839 Schellindorf
1606 3777 1753 3842 cantore
1780 3765 1891 3842 Glo-

209 3863 433 3966 gouienai,
461 3863 630 3963 magistro
656 3863 863 3945 Beldone
890 3863 939 3943 de
964 3865 1198 3958 Proskow,
1226 3864 1390 3943 0ttoue
1417 3865 1466 3943 de
1491 3868 1686 3960 Bruuna,
1717 3869 1891 3947 Jacobo

209 3967 456 4069 Augustini
489 3965 743 4044 archidiacono
776 3970 1107 4070 Legniczerrsi,
1140 3967 1342 4046 Jobaune
1373 3970 1619 4064 Bruuonis,
1661 3969 1892 4048 Clemente

210 4069 258 4149 de
283 4073 512 4164 Wansuw,
541 4069 705 4148 0ttoue
732 4070 780 4148 de
806 4071 1154 4164 Schotkowicz,
1181 4072 1379 4149 Nicolao
1406 4071 1454 4150 de
1477 4073 1692 4168 PoucoW‚
1720 4075 1893 4151 Mathia
1997 4173 2010 4186 θ

313 4357 370 4483 qen
395 4332 621 4485 quesbulichen
649 4333 855 4425 Besitnungen
882 4336 936 4402 des
962 4336 1119 4404 Bistbums
1145 4335 1274 4404 Breslau
1302 4337 1335 4402 in
1362 4333 1461 4404 Poleu
1481 4359 1548 4404 war
1567 4337 1675 4403 bisher
1702 4337 1804 4404 nichts
1832 4339 1892 4404 be·
1965 4391 1970 4402 .

337 4441 401 4484 aun

256 4513 285 4587 l)
315 4501 485 4580 Chlewo,
516 4503 789 4604 Bobrownilti,
821 4502 1077 4606 S·ltarydzow,
1098 4508 1345 4608 Vl'yszttnow,
1367 4507 1790 4656 Lubcapu,·Mierlt0·w,
1815 4508 1891 4607 ‘01-

317 4609 434 4668 zowa,
454 4589 657 4670 Janowha,
679 4590 913 4665 Sremanrce,
934 4591 1089 4674 Rohow,
1117 4592 1346 4672 Trzornrca,
1377 4593 1491 4658 Grem
1527 4615 1635 4671 auru,
1663 4591 1891 4682 Myromrce,

228 4705 231 4712 ·
318 4673 530 4750 Domanin,
561 4674 786 4824 Miltorzpn,
818 4673 1057 4768 Rogeszyce,
1089 4673 1296 4758 Kochlow,
1323 4677 1453 4760 Lesbi,
1483 4677 1708 4768 Parzynow‚
1740 4675 1891 4743 Schilt-

317 4759 427 4849 herg,
454 4757 687 4838 Doruchow,
715 4819 719 4826 .
750 4759 865 4842 wilra,
897 4761 1197 4852 Prnytoezuica,
1229 4761 1406 4828 stimmtlich
1435 4763 1521 4828 noch
1546 4763 1749 4830 vorhaudeue
1773 4760 1892 4829 Ddrler·

316 4845 375 4908 mit
404 4841 477 4907 dem
502 4841 673 4908 Stiidtehen
694 4843 927 4938 Schiltberg
953 4845 1012 4912 oui
1035 4847 1108 4912 dem
1129 4845 1238 4912 liulten
1258 4845 1340 4913 Uler
1361 4848 1419 4912 der
1439 4849 1560 4915 Prosna
1580 4871 1635 4914 um
1648 4849 1808 4940 Kempen,
1829 4871 1890 4916 von

317 4928 375 4994 der
399 4925 580 4992 Pitschener
601 4927 724 4994 (irione
744 4929 794 4996 bis
814 4931 896 4997 iiber
917 4929 1104 5025 Schiltberg,
1126 4955 1227 5024 gegen
1248 4931 1398 5000 lllixstudt
1418 4931 1485 4998 und
1508 4933 1656 5001 Grnbow.

256 5017 290 5099 i)
317 5011 413 5079 Nieht
434 5035 474 5077 zu
495 5009 662 5078 ermitteln.
