4634 5762
367 521 445 598 154
927 524 965 584 “·-’
988 523 1214 598 dolonem
1271 524 1459 597 CXLV.···
1507 530 1516 551 ⁸

368 728 485 828 magis
501 725 658 804 intencio
675 725 800 803 nostra
813 723 950 802 vnestris
973 725 1158 803 industriis
1176 729 1345 836 sensibus
1354 725 1510 904 pateat,
1533 727 1679 825 negocii
1693 721 2055 836 'seriemtaflter-luj·

368 832 556 911 mercios
571 831 806 934 explicamus.
834 829 927 904 llum
943 831 1160 944 venerabilis
1177 841 1283 931 pater
1300 841 1337 906 et
1352 931 1361 952 ι
1379 829 1772 952 οιοηίιιπεᾞιιῳηιαε),
1792 830 1828 940 d.
1848 855 1902 930 gr.
1915 829 2058 952 Vllrat·

368 935 857 1116 ilitlls'ielismimlli
873 933 1464 1114 “nltt‘ttzltlnld
1483 955 1681 1136 tigilli?
1700 932 2062 1114 inlinit:

369 1141 581 1222 mani-testes
596 1146 645 1218 'et
669 1141 827 1216 notorios
852 1061 1319 1218 excessus’iddollerebilcs
1344 1151 1382 1218 et
1397 1141 1541 1233 varios,
1569 1063 1766 1218 eccledium
1792 1153 1830 1218 et
1849 1061 2061 1241 jdspdddle·

369 1247 557 1324 siasticnm
577 1243 837 1348 deprimentes,
863 1243 1136 1320 racionabiliter·
1145 1243 1534 1322 excommunicacionis
1552 1247 1772 1322 sentenciam
1794 1243 2007 1346 protulisset
2024 1253 2063 1322 et

368 1348 404 1428 in
421 1375 558 1427 omnem
575 1350 693 1426 locum
710 1373 779 1424 sue
797 1345 989 1448 dyocesis,
1016 1345 1066 1422 ad
1091 1372 1194 1447 quem
1211 1349 1317 1426 idem
1329 1350 1500 1452 princeps
1518 1347 1735 1441 accederet,
1763 1347 1928 1448 quamdin
1951 1349 1987 1424 in
2014 1371 2062 1426 eo

369 1464 540 1547 maneret,
558 1451 707 1529 tulisset
721 1450 942 1528 sentenciam
956 1449 1154 1545 interdicti,
1173 1453 1292 1553 alique
1311 1465 1412 1530 certe
1429 1475 1586 1554 persone
1603 1449 1737 1530 ordinis
1754 1453 1867 1528 vestri
1884 1453 1966 1527 tam'
2004 1477 2063 1528 am

370 1557 493 1661 capita
508 1557 671 1635 fermenti
688 1552 878 1656 cujusdem
895 1579 939 1630 se
957 1555 1219 1634 constituentes
1236 1555 1285 1633 de
1304 1553 1538 1633 conventibus
1551 1555 1951 1647 Wretinleuiensi,
2014 1579 2062 1656 y-

370 1662 521 1755 zensi,
557 1659 605 1736 de
629 1662 798 1758 Brega‚
830 1656 1159 1754 de'Swidnicn,
1193 1660 1241 1738 de
1265 1663 1416 1737 Aureo
1434 1672 1603 1754 monte,
1639 1659 1687 1737 de
1711 1659 1980 1754 bamberch,
2012 1657 2063 1738 de

305 1765 312 1784 ’
370 1765 555 1866 Sagauo
581 1761 689 1840 etde
714 1762 1031 1855 Narnizlow¹),
1059 1764 1117 1864 qui
1140 1765 1260 1864 nuper
1284 1763 1791 1872 deprovincial'olonica,
1819 1762 1996 1866 adquam
2014 1765 2062 1839 ab

258 4375 268 4416 r
301 4379 341 4420 m
1463 4393 1466 4401 .

271 4480 282 4494 ”
296 4457 352 4557 3¹„
419 4468 453 4550 1)
484 4467 555 4532 Von
575 4461 702 4532 lueinern
723 4465 826 4532 dieser
847 4465 1009 4532 Conveme
1031 4467 1073 4530 ist
1092 4461 1372 4556 diesunungmn
1392 4462 1582 4530 urkundlich
1603 4461 1753 4546 bekannt,
1774 4487 1839 4532 ron
1859 4465 1924 4532 den
2017 4465 2024 4480 '

230 4545 264 4574 '¹'
481 4561 550 4616 stan
564 4564 677 4623 sume
696 4573 773 4621 man
793 4551 910 4631 bichor,
932 4551 1004 4618 dass
1024 4557 1068 4616 sie
1088 4551 1205 4618 hereite
1226 4551 1270 4616 im
1294 4549 1344 4616 13.
1358 4549 1590 4623 Jahrhundone
1611 4547 1797 4620 verbanden
1811 4573 1929 4620 waren.
1958 4551 2025 4616 We
2046 4585 2066 4602 .

339 1899 343 1912 ·
370 1871 508 1970 origine
526 1864 819 1946 commendabilis
836 1871 874 1942 et
889 1865 1058 1968 preclare
1074 1867 1171 1944 laune
1184 1869 1301 1946 nestri
1319 1867 1454 1944 ordinis
1474 1891 1619 1970 semper
1635 1869 1896 1970 pertinuerant,
1922 1891 1968 1944 se
1985 1862 2063 1944 sci·

370 1973 516 2064 derunt,
544 1971 593 2048 ed
610 1969 886 2048 Saxonicum
903 1971 1121 2071 provinciam
1138 1996 1201 2064 se,
1226 1973 1374 2049 inverso
1395 1973 1538 2048 nornine
1557 1973 1767 2064 Polonie,
1795 1981 2062 2064 convertentes,

371 2103 451 2156 cum
465 2079 583 2180 ipsum
600 2073 728 2152 ducem
746 2074 1087 2150 excommunicatum
1103 2075 1221 2152 vitare
1243 2073 1420 2152 deberem
1435 2099 1505 2153 uec
1523 2077 1713 2157 celebrare
1730 2076 1890 2177 tempore
1913 2073 2063 2152 interdi-

372 2183 423 2261 cti
440 2181 566 2284 stipsi
583 2177 667 2256 duci
685 2175 909 2279 persuadere
927 2175 1124 2254 secundum
1140 2179 1326 2279 religionis
1344 2181 1630 2273 observanciarn,
1657 2192 1697 2254 ut
1713 2179 2064 2257 excommunicacio-

371 2310 474 2378 nem,
495 2307 565 2386 que
582 2281 808 2362 medicinalis
827 2293 886 2358 est
904 2280 1142 2382 disciplinans
1167 2305 1237 2357 non
1263 2281 1323 2358 est
1337 2280 1530 2375 redicens,
1555 2284 1731 2360 lurniliter
1754 2285 1968 2376 sustineret,
1994 2307 2063 2359 ue·

373 2391 507 2468 scimus
532 2413 605 2488 qua
626 2387 830 2462 intencione
852 2409 942 2461 suos
966 2386 1221 2463 conscienciae
1244 2385 1468 2462 informando
1481 2385 1563 2463 erum
1581 2389 1684 2486 gravi
1703 2386 1906 2496 prejudicio
1924 2398 1962 2464 et
1978 2411 2063 2489 per·

371 2503 482 2594 petuo
506 2489 653 2568 excidio
678 2489 841 2566 ecclesie
858 2491 996 2566 'nosne
1012 2500 1051 2566 et
1066 2489 1482 2592 seandalo-plurimorum
1506 2489 1692 2592 laycorum
1710 2503 1747 2568 et
1765 2492 1976 2569 clericorum
1992 2502 2064 2566 tam

373 2593 589 2671 secularium
615 2618 717 2694 qoam
742 2593 954 2693 re'grrlarium
980 2593 1144 2688 ecclesie
1169 2593 1425 2671 moinum
1450 2605 1488 2670 et
1506 2595 1780 2672 observanciurn
1799 2607 1905 2698 prout
1930 2593 2065 2671 debent

372 2695 476 2800 ipsas
494 2698 704 2774 sentencias
722 2721 801 2774 curn
818 2697 959 2789 imore,
986 2721 1056 2772 non
1080 2707 1214 2774 tantum
1236 2699 1340 2800 ipsas
1364 2722 1434 2773 non
1458 2700 1654 2775 observant
1681 2700 1891 2776 sentencias
1909 2695 1978 2775 sed
1995 2721 2063 2774 co-

372 2827 448 2878 ram
462 2799 592 2878 eodem
608 2799 704 2878 duce
717 2801 1026 2878 excommunicato
1042 2802 1079 2876 iu
1094 2801 1193 2879 locis
1205 2786 1419 2894 interdictis,
1437 2827 1507 2880 uec
1522 2801 1726 2879 interdictis
1736 2803 1913 2894 exclusis,
1931 2825 2062 2904 presu-

372 2903 771 2998 noctemnoctem,
796 2929 866 3004 que
883 2904 1061 3006 prohibita
1076 2917 1178 3000 sunt,
1206 2907 1537 2983 excommunicatos
1557 2931 1627 2982 nun
1649 2906 1813 3000 nitendo,
1841 2905 1962 2982 divina
1978 2904 2061 2982 otil-

374 3011 435 3089 cia
452 3010 659 3102 celebrare,
686 3007 921 3086 fflvememea
939 3009 1095 3102 mulne,
1112 3013 1201 3111 'jure
1217 3009 1297 3086 lore
1316 3023 1473 3105 canutum,
1500 3007 1596 3110 orrud
1618 3011 1705 3087 nulli
1723 3037 1766 3087 se
1784 3025 1938 3114 possunt
1950 3007 2064 3112 prinl-

372 3115 471 3216 legio
481 3112 593 3192 'sedis
610 3113 812 3215 apostolice
829 3115 939 3206 tueri,
967 3115 1036 3214 qrro
1053 3115 1169 3189 minus
1186 3115 1647 3192 excommunicatosritare
1672 3114 1832 3191 debeant
1850 3124 1887 3191 ct
1903 3116 2064 3190 nomina·

373 3221 439 3296 tim
457 3243 524 3320 per
548 3218 797 3320 opiscoporum
822 3241 963 3296 suorum
987 3218 1199 3294 sentencias
1222 3215 1452 3310 interdictos,
1473 3219 1639 3317 quioniam
1663 3218 1713 3293 ad
1737 3219 1805 3294 lros
1830 3241 1943 3296 casus
1966 3217 2065 3293 nulla

373 3323 566 3423 privilegia
587 3347 633 3398 se
648 3319 906 3413 extendenti),
932 3347 1066 3422 ymmo,
1092 3319 1189 3420 quod
1211 3319 1374 3398 deterius
1390 3333 1476 3413 est,
1502 3320 1674 3398 inducunt
1696 3322 1892 3424 prinoipem
1916 3335 1955 3400 et
1978 3346 2064 3424 per-

375 3423 532 3501 suadent
547 3425 635 3526 ipsi,
654 3421 750 3524 qood
767 3423 886 3498 nullus
900 3433 1024 3524 potest
1039 3425 1224 3524 ambigere
1241 3449 1320 3501 com
1337 3425 1411 3501 hoc
1425 3424 1523 3500 lama
1538 3426 1683 3526 publica
1699 3435 1902 3518 attestetur,
1920 3437 1961 3500 ut
1976 3449 2064 3503 eas·-

375 3525 459 3602 dem
474 3553 545 3602 non
561 3537 703 3627 reputet
717 3549 788 3602 nec
805 3537 930 3602 servet
946 3527 1156 3604 sentencias
1180 3526 1251 3603 sd
1267 3541 1305 3604 nt
1323 3539 1360 3605 et
1377 3528 1470 3604 alins
1488 3531 1702 3607 auctoritate
1728 3555 1797 3606 sua
1813 3555 1881 3632 per
1896 3529 2009 3605 minas
2027 3541 2065 3605 ot

374 3641 533 3708 terrmes
555 3627 650 3711 idem
675 3630 845 3730 princeps
867 3629 1056 3730 prohibeat
1079 3632 1297 3726 observare,
1324 3633 1534 3710 nescientes
1557 3633 1670 3728 forte,
1705 3632 1800 3733 quod
1824 3633 1979 3714 sceleris
2004 3645 2065 3710 est

372 3734 499 3826 instar,
524 3731 717 3809 suadendo
732 3732 825 3810 alios
843 3733 1037 3813 mouisse
1203 3785 1208 3794 ·
1819 3737 1822 3746 '

403 3868 407 3876 ’
478 3837 532 3916 Et
556 3847 594 3912 ut
618 3841 697 3938 jam
712 3833 801 3912 dicti
825 3837 976 3930 l'ratrcs,
1007 3835 1133 3914 eolor'e
1157 3837 1318 3937 quesite,
1353 3839 1575 3940 excogitatis
1607 3838 1927 3917 adiacencionilrus
1950 3841 2064 3916 miuus

374 3943 493 4037 veris,
519 3941 623 4043 quasi
645 3941 787 4044 impune
811 3939 882 4042 ipsi
903 3939 990 4036 duci
1015 3942 1275 4018 communicare
1299 3942 1489 4019 licenciam
1511 3943 1581 4019 sibi
1605 3945 1773 4045 querant,
1805 3943 1949 4046 prelato
1972 3941 2063 4018 dom.

373 4055 497 4124 nostro
516 4046 709 4148 episcopo,
735 4043 889 4121 honeste
907 4045 1202 4125 conversacionis
1219 4045 1307 4137 viro,
1334 4045 1465 4124 munde
1482 4049 1587 4140 vite,
1603 4049 1710 4150 pleno
1727 4049 1937 4140 virtrrtibus,
1963 4057 2065 4124 recte

375 4151 626 4246 consciencie,
654 4149 806 4226 zelatori
821 4149 928 4252 pacis
947 4160 984 4227 et
1002 4149 1177 4244 ecclesie,
1202 4149 1291 4229 cleri
1317 4161 1354 4228 et
1370 4151 1509 4254 populi,
1537 4150 1644 4229 iidem
1661 4151 1795 4228 iratres
1820 4162 1997 4253 ponentes
2022 4175 2065 4225 os

408 4706 411 4715 ,
482 4633 516 4698 di
600 4638 682 4707 Anu·
704 4637 868 4706 Minorem
888 4637 993 4726 geben
1020 4633 1100 4703 iiber
1128 4635 1213 4703 diese
1239 4637 1288 4700 An
1311 4633 1529 4734 elegenheiten
1554 4637 1614 4702 den
1637 4637 1815 4717 Minoriten
1840 4637 1876 4704 in
1903 4633 2065 4702 Schlesien

482 4743 527 4783 un
576 4719 675 4786 deren
694 4719 807 4787 Trcnn
903 4744 964 4787 von
993 4721 1051 4786 der
1078 4717 1266 4786 Puluischen
1287 4658 1422 4786 §novumn
1448 4745 1506 4817 ger
1531 4719 1625 4786 lisine
1647 4719 1829 4788 Nechm'clrt.
1878 4721 1955 4786 Vier
1976 4719 2066 4808 Con-v

421 4875 424 4882 ,
480 4816 572 4871 vente
593 4803 721 4872 blieben
741 4803 824 4872 nach
878 4801 1039 4872 oxum
1058 4803 1110 4870 b'ei
1133 4803 1191 4869 der
1210 4801 1399 4869 Polnisehcn
1416 4805 1559 4890 Poenina,
1577 4805 1718 4872 ntimliclr
1740 4806 1774 4870 in
1789 4801 1927 4897 Oppeln,
1949 4805 2065 4872 Gnoss-

481 4887 618 4982 Glogeo,
640 4891 874 4984 Ober-Glogeu
894 4885 961 4956 und
981 4887 1242 4957 mmmheintich
1264 4889 1408 4959 Owen.
1479 4910 1482 4918 ’

419 4989 910 5086 amnemamnem
