4660 5762
783 523 999 600 vehendos.
1056 521 1196 596 CXCV.
1225 522 1394 600 CXCVI.
1861 525 1937 606 let

243 719 360 802 sedo
383 743 464 800 cnm
488 719 653 800 ecclesis
677 719 915 817 cncudsre,
942 721 1110 824 dignstrn
1132 723 1361 819 ist-isoes,
1389 725 1939 837 quoinlitlersqrrnsibiper

243 849 313 904 ros
330 827 410 903 sine
428 825 551 924 sigillo
568 826 734 904 metimus
751 836 834 902 snut
851 829 1097 932 conseripte.“
1121 827 1176 905 lut
1193 826 1348 906 eandem
1362 829 1517 907 htteram
1532 828 1655 908 dictus
1671 836 1768 936 prior
1783 861 1938 938 presen-

243 931 340 1008 tibus
357 929 524 1006 militibus
541 927 716 1032 predictis
728 930 877 1032 occepit
888 929 938 1008 de
950 933 1084 1010 nostris
1100 933 1264 1010 menibus
1281 933 1350 1010 sibi
1363 931 1497 1027 dotem
1516 939 1622 1035 cujus
1639 945 1742 1016 tenor
1757 939 1843 1018 telis
1861 953 1937 1020 estc

282 1410 307 1487 d
347 1305 530 1386 Ecclesia
547 1317 585 1386 et
601 1331 670 1385 nos
688 1305 978 1412 semperluimus
996 1305 1193 1410 amplexati
1217 1307 1343 1388 etheo
1360 1321 1444 1388 sunt
1466 1310 1573 1416 pacis
1589 1291 1655 1414 pro
1671 1311 1755 1418 ipss
1772 1319 1938 1398 ecclesis
1972 1331 2091 1488 wo
2154 1287 2163 1307 ⁸

245 1413 254 1432 ’
307 1409 405 1487 utin

244 1439 280 1488 m
331 1435 453 1592 GDob.
473 1509 550 1588 dux
580 1521 665 1590 ante
689 1511 805 1589 omnis
830 1509 997 1614 dignetur
1025 1513 1203 1592 resituere
1227 1525 1408 1616 unumque
1432 1529 1588 1596 castrum
1615 1515 1876 1602 0tmuohow
1899 1537 1937 1604 et
1952 1484 2106 1626 libbi?

246 1617 436 1696 Edilste
442 1642 498 1718 yn
516 1615 724 1717 simphciter
741 1627 778 1691 et
794 1641 883 1718 pure
902 1627 940 1694 et
956 1642 1002 1694 eo
1019 1615 1125 1694 modo
1143 1643 1212 1718 quo
1229 1617 1312 1720 ipsa
1328 1619 1468 1722 recepit
1485 1621 1649 1700 ecclesie
1666 1624 1844 1702 restituat.

348 1721 452 1812 ltem‚
477 1719 651 1796 restituat.
667 1719 837 1796 civitates
863 1745 1000 1814 omnes,
1025 1720 1136 1798 villas
1154 1733 1192 1798 et
1209 1721 1303 1800 alios
1320 1725 1581 1826 possessiones
1598 1726 1763 1804 territorii
1781 1727 1935 1818 Otruu-
1982 1743 2012 1813 (r
2029 1741 2070 1810 a.)
2159 1728 2164 1734 ’

247 1822 516 1904 cluniensis
535 1833 572 1900 et
588 1821 628 1897 Ν
633 1823 825 1924 yzensis
849 1823 954 1900 nobis
977 1836 1015 1901 et
1037 1822 1213 1918 ecclesie,
1239 1840 1276 1902 et
1300 1833 1388 1905 illos
1410 1834 1521 1904 villos
1545 1837 1678 1924 eciam,
1706 1834 1839 1928 ejectis
1862 1841 1938 1912 illis

245 1957 334 2030 poros
351 1935 389 2002 in
406 1935 462 2002 eis
480 1927 715 2021 locavitjure
733 1931 989 2012 Tbeutboru'oo,
1014 1935 1187 2004 similiter
1204 1935 1373 2004 dominus
1390 1935 1470 2004 duc
1487 1937 1665 2006 restituat.

349 2029 452 2123 ltem,
471 2027 640 2106 mutares
658 2039 696 2106 et
711 2027 821 2104 villas
840 2053 963 2106 omnes
979 2031 1015 2105 in
1033 2027 1186 2107 dominio
1205 2055 1284 2124 suo,
1303 2045 1380 2108 tom
1394 2039 1630 2134 episcopales
1643 2065 1755 2136 poam
1770 2045 1936 2138 prelato-
1982 2052 2012 2120 (l
2030 2049 2069 2115 3.)

246 2163 340 2221 rem,
360 2139 629 2217 camuicorum,
646 2139 906 2230 religiosorum
923 2147 961 2206 et
976 2137 1135 2208 oliorum
1154 2141 1373 2210 clericorum
1392 2135 1571 2230 restituat,
1591 2147 1724 2216 emotis
1741 2147 1817 2218 illis
1833 2149 1936 2218 simi-

246 2245 344 2328 liter,
363 2263 451 2334 quos
468 2241 605 2310 locavit
612 2235 705 2330 jure
723 2239 947 2310 Tbeuturrico
965 2239 1003 2308 in
1018 2243 1118 2312 villis
1137 2241 1322 2313 Polooicis
1334 2237 1372 2328 ¹).

348 2338 458 2428 ltenr,
492 2333 588 2436 quod
612 2335 745 2414 fratres
768 2335 1046 2430 predicatores,
1085 2353 1163 2414 tam
1187 2339 1597 2420 Wrstizlauiensis
1634 2373 1746 2444 wem
1776 2354 1936 2424 oliorum
1981 2359 2010 2428 (t
2028 2359 2067 2426 t)

246 2455 484 2522 concentuum
501 2446 555 2514 od
573 2454 766 2515 conventos
780 2448 955 2538 proprios
970 2451 1197 2518 revocentur.

349 2543 452 2637 Item,
478 2541 645 2618 restituat
660 2541 871 2644 patrimonia
888 2541 981 2618 dom.
1000 2567 1023 2620 e
1047 2544 1165 2646 iscopi
1183 2555 1220 2620 et
1236 2543 1384 2622 aliorum
1398 2549 1664 2626 'cernonicorum
1970 2565 1999 2634 (o
2017 2565 2058 2629 a)

348 2653 449 2738 Item,
474 2645 561 2722 ville
586 2655 623 2722 et
640 2643 906 2746 ¹possessiones
924 2645 997 2722 alie
1015 2571 1108 2722 dom.
1128 2646 1291 2750 episcopi
1309 2649 1598 2728 Lnbucensis
1615 2663 1796 2756 occupate
1813 2651 1848 2730 in
1867 2651 1936 2732 do·
1971 2663 2058 2736 tlh)

102 2781 106 2788 ·
212 2809 215 2814 ι
245 2753 349 2830 minio
366 2748 471 2827 ducis
489 2747 651 2824 simihter
667 2749 897 2826 restituantur
914 2747 1054 2826 domino
1073 2750 1247 2852 episcopo
1263 2752 1485 2830 Lubucensi.

348 2853 449 2946 ltero,
477 2849 525 2928 de
543 2849 695 2930 decimis
712 2853 794 2928 anni
812 2853 973 2954 preteriti
990 2853 1146 2930 satisfiet
1164 2855 1231 2946 eis,
1258 2879 1402 2956 quorum
1420 2855 1563 2934 decime
1580 2868 1664 2935 sunt
1680 2859 1814 2936 ablate.
1987 2874 2016 2940 tt
2029 2853 2077 2937 ⁷·J‘

347 2955 449 3048 Item,
466 2979 540 3132 pro
559 2951 710 3032 decimis
729 2955 810 3030 anui
827 2957 1026 3058 presentis,
1054 2981 1123 3056 que
1146 2957 1182 3032 in
1205 2958 1394 3060 manipulis
1420 2957 1620 3036 debuerunt
1635 2963 1786 3064 percipi,
1805 2986 1853 3038 ex
1878 2963 1935 3038 in·
1987 2941 2069 3008 (μ’)

245 3071 348 3162 tegre
372 3059 465 3135 satis
491 3070 548 3150 at,
575 3071 613 3135 ot
630 3057 677 3135 de
696 3055 846 3135 decimis
863 3057 1158 3161 percipiendis'gr
1176 3059 1374 3136 sertonibns
1392 3073 1431 3138 et
1446 3061 1632 3138 maldratis
1650 3089 1717 3138 non
1735 3063 1935 3166 impedien-

245 3160 411 3240 turdum.
429 3163 557 3264 episeo
584 3187 639 3254 ns,
668 3162 832 3240 cononici
850 3161 967 3238 etalii
985 3187 1109 3239 omnes
1127 3174 1199 3239 tarn
1216 3165 1378 3266 religiosi
1396 3190 1500 3266 quam
1518 3167 1708 3244 seculares
1727 3167 1863 3244 clerici.

348 3267 450 3359 ltem,
468 3289 537 3366 qno
581 3265 697 3340 abbas
715 3291 747 3364 s.
766 3265 885 3342 Marie
903 3265 1168 3342 cumfratribus
1186 3268 1263 3343 suis
1282 3269 1540 3370 etprepositus
1558 3267 1756 3371 s.Spiritus
1774 3269 1935 3350 similiter
1985 3279 2066 3350 (oo.)

246 3396 324 3448 cnm
342 3370 511 3445 iratribus
529 3369 606 3444 suis
625 3367 673 3443 ad
691 3369 909 3445 monasteria
926 3393 995 3445 sna
1011 3381 1227 3448 revocentur
1253 3373 1386 3472 ejectis
1403 3371 1561 3465 intrusis,
1588 3371 1697 3466 villis,
1716 3371 1878 3474 grangiis
1897 3383 1935 3452 et

245 3475 329 3552 aliis
345 3474 500 3576 ipsorum
517 3472 815 3573 possessionibus
833 3473 1018 3550 restitutis.

349 3581 449 3670 lieni,
468 3573 564 3676 quod
579 3573 705 3650 intrusi
724 3575 848 3653 clerici
866 3600 988 3654 omues
1007 3577 1181 3654 eiciantur
1198 3587 1236 3654 et
1252 3576 1330 3680 veri
1348 3599 1394 3656 ac
1411 3577 1574 3680 legittimi
1590 3583 1760 3684 pastores
1779 3577 1828 3657 ad
1845 3605 1935 3658 suas
1969 3607 1998 3675 (ς
2011 3604 2066 3671 ιο.)

179 3699 184 3706 ’
245 3679 431 3760 ecclesias
448 3689 672 3756 revocentur.

162 3781 167 3786 '
347 3783 449 3876 ltem,
475 3779 601 3856 domos
619 3777 757 3856 dirutas
782 3781 882 3860 circo
906 3779 1153 3862 cathedralem
1177 3783 1376 3890 ecclesiam
1402 3785 1649 3888 episcopalem
1674 3797 1711 3862 et
1739 3787 1934 3866 canonico·
1973 3795 2001 3863 (l
2015 3793 2071 3860 1¹.)

244 3913 319 3966 rum
335 3885 450 3965 saciat
466 3883 637 3988 reparari.

347 3989 401 4068 Et
418 3988 502 4090 quia
517 3987 552 4062 in
569 3983 775 4090 precisione
794 3984 962 4064 silvarum
980 3989 1156 4081 ecclesie,
1175 3989 1399 4090 spoliacione
1417 4001 1455 4066 et
1467 3991 1657 4067 oblacione
1672 3991 1854 4068 multarum
1872 4015 1933 4068 re·
1973 3999 2070 4071 (trs)

218 4123 220 4128 ¹
245 4119 320 4170 rum
342 4117 537 4196 pauperum
561 4087 742 4181 ecclesie,
775 4089 1036 4190 prolongacione
1060 4091 1354 4184 ministerialium,
1381 4093 1665 4194 ascripticiornnr
1689 4105 1727 4171 et
1751 4117 1935 4172 servorum

176 4251 178 4254 -
247 4195 422 4288 ecclesie,
441 4219 584 4296 quorum
602 4191 781 4269 alienaoio
800 4191 907 4268 multo
925 4197 1039 4292 major
1057 4203 1116 4268 est
1133 4203 1170 4269 et
1187 4193 1304 4293 magis
1322 4191 1521 4295 dampnoso
1538 4195 1702 4275 ecclesie
1720 4221 1823 4296 qnam
1841 4197 1934 4274 alia·
2071 4223 2079 4232 ·

246 4324 319 4377 rum
343 4325 469 4390 rerum,
496 4295 545 4373 ad
569 4297 679 4372 multa
701 4292 799 4370 milia
821 4319 1016 4372 morcarum
1042 4295 1208 4374 ecclesia
1231 4309 1290 4373 est
1309 4294 1359 4372 da
1417 4307 1512 4390 nata,
1542 4311 1579 4374 et
1596 4298 1758 4398 quoniam
1775 4298 1935 4377 similiter

246 4403 355 4480 runlta
372 4401 495 4479 debita
510 4397 624 4503 patris
643 4409 680 4476 et
696 4397 813 4502 patrui
831 4399 900 4492 sni,
927 4397 976 4474 ad
994 4421 1063 4499 que
1081 4397 1260 4477 solvenda
1276 4324 1451 4502 ipsendbx
1469 4411 1619 4494 tenetur,
1647 4399 1697 4476 ad
1714 4401 1823 4477 multa
1839 4427 1934 4479 mar-
1980 4443 1990 4454 ·

290 4629 324 4706 i)
351 4621 446 4687 Diese
468 4621 632 4687 forden-un
676 4624 784 4686 istum
806 4643 842 4688 so
864 4619 980 4700 hirter,
1002 4617 1048 4686 uls
1071 4619 1130 4686 der
1150 4619 1282 4688 Bischos
1298 4620 1442 4686 Thomas
1463 4618 1574 4698 selbst,
1602 4641 1638 4686 so
1660 4622 1720 4686 trie
1741 4621 1827 4687 scine
1849 4621 1933 4690 vor·-¹

352 4713 472 4810 g'a'nger
492 4707 558 4772 und
579 4643 775 4797 Necgblolger
797 4703 903 4797 biiuiig
926 4702 1130 4806 Ddrlerund
1143 4706 1259 4806 'sordre
1280 4729 1321 4770 zu
1341 4704 1531 4806 Deutschem
1546 4703 1665 4770 Rechts
1687 4717 1850 4788 sumente,
1871 4729 1934 4774 uras

351 4790 535 4891 uberhaupt
560 4814 623 4857 ron
645 4789 703 4892 der
751 4801 925 4860 esemmten
947 4787 1166 4892 Gerstlrchlert
1194 4811 1419 4882 romugswerse
1442 4813 1503 4892 zu„
1523 4787 1679 4890 eschpben
1706 4788 1770 4880 pile
1829 4791 1934 4873 ,weil

330 4874 511 5026 ¹ppuppppen
538 4814 903 5028 'gulilhfflfffae
923 4873 955 4940 S.
983 4896 1089 4942 meone
1111 4872 1399 4968 Untersuchungen
1426 4813 1566 4941 danrber
1593 4895 1627 4939 m
1654 4875 1712 4941 der
1737 4875 1769 4942 U
1807 4872 1935 4942 unden-

468 4982 533 5052 ung
578 5007 587 5026 ο
711 5003 721 5026 ο
