<?xml version="1.0" encoding="UTF-8"?>
<!DOCTYPE html PUBLIC "-//W3C//DTD XHTML 1.0 Transitional//EN"
    "http://www.w3.org/TR/xhtml1/DTD/xhtml1-transitional.dtd">
<html xmlns="http://www.w3.org/1999/xhtml" xml:lang="en" lang="en">
 <head>
  <title>
</title>
<meta http-equiv="Content-Type" content="text/html;charset=utf-8" />
  <meta name='ocr-system' content='tesseract 3.04.00' />
  <meta name='ocr-capabilities' content='ocr_page ocr_carea ocr_par ocr_line ocrx_word'/>
</head>
<body>
  <div class='ocr_page' id='page_1' title='image "./urkundenzurgesc00stengoog_0289.png"; bbox 0 0 4660 5762; ppageno 0'>
   <div class='ocr_carea' id='block_1_1' title="bbox 404 525 1480 612">
    <p class='ocr_par' dir='ltr' id='par_1_1' title="bbox 404 525 1480 612">
     <span class='ocr_line' id='line_1_1' title="bbox 404 525 1480 612; baseline -0.011 -1"><span class='ocrx_word' id='word_1_1' title='bbox 404 531 480 612; x_wconf 75' lang='lat' dir='ltr'><strong>lta</strong></span> <span class='ocrx_word' id='word_1_2' title='bbox 998 529 1207 604; x_wconf 64' lang='lat' dir='ltr'><strong>tntum</strong></span> <span class='ocrx_word' id='word_1_3' title='bbox 1264 525 1480 602; x_wconf 68' lang='lat' dir='ltr'><strong><em>CLXXIX.</em></strong></span> 
     </span>
    </p>
   </div>
   <div class='ocr_carea' id='block_1_2' title="bbox 361 727 2088 2596">
    <p class='ocr_par' dir='ltr' id='par_1_2' title="bbox 401 727 2088 1048">
     <span class='ocr_line' id='line_1_2' title="bbox 401 727 2087 834; baseline -0.005 -19"><span class='ocrx_word' id='word_1_4' title='bbox 401 737 556 816; x_wconf 85' lang='lat' dir='ltr'><strong>luciouia</strong></span> <span class='ocrx_word' id='word_1_5' title='bbox 579 733 785 814; x_wconf 83' lang='lat' dir='ltr'><strong>beneficium</strong></span> <span class='ocrx_word' id='word_1_6' title='bbox 811 748 981 832; x_wconf 68' lang='lat' dir='ltr'><strong>numere,</strong></span> <span class='ocrx_word' id='word_1_7' title='bbox 1014 735 1143 834; x_wconf 76' lang='lat' dir='ltr'><strong>pejoru</strong></span> <span class='ocrx_word' id='word_1_8' title='bbox 1165 730 1270 806; x_wconf 72' lang='lat' dir='ltr'><strong>aba</strong></span> <span class='ocrx_word' id='word_1_9' title='bbox 1293 729 1469 834; x_wconf 87' lang='lat' dir='ltr'><strong>prioribus</strong></span> <span class='ocrx_word' id='word_1_10' title='bbox 1493 727 1744 824; x_wconf 73' lang='lat' dir='ltr'><strong>uum-uum,</strong></span> <span class='ocrx_word' id='word_1_11' title='bbox 1771 739 1916 824; x_wconf 77' lang='lat' dir='ltr'><strong>mauu,</strong></span> <span class='ocrx_word' id='word_1_12' title='bbox 1941 732 2087 832; x_wconf 76' lang='lat' dir='ltr'><strong>bugsa,</strong></span> 
     </span>
     <span class='ocr_line' id='line_1_3' title="bbox 401 833 2088 938; baseline -0.002 -20"><span class='ocrx_word' id='word_1_13' title='bbox 401 843 522 936; x_wconf 80' lang='lat' dir='ltr'><strong>villas,</strong></span> <span class='ocrx_word' id='word_1_14' title='bbox 541 841 662 919; x_wconf 84' lang='lat' dir='ltr'><strong>curias</strong></span> <span class='ocrx_word' id='word_1_15' title='bbox 679 835 912 938; x_wconf 80' lang='lat' dir='ltr'><strong>episcoprles</strong></span> <span class='ocrx_word' id='word_1_16' title='bbox 929 845 968 911; x_wconf 92' lang='lat' dir='ltr'><strong>et</strong></span> <span class='ocrx_word' id='word_1_17' title='bbox 984 835 1245 927; x_wconf 78' lang='lat' dir='ltr'><strong>cmmaicornur,</strong></span> <span class='ocrx_word' id='word_1_18' title='bbox 1264 833 1393 938; x_wconf 82' lang='lat' dir='ltr'><strong>predia</strong></span> <span class='ocrx_word' id='word_1_19' title='bbox 1409 847 1447 912; x_wconf 89' lang='lat' dir='ltr'><strong>et</strong></span> <span class='ocrx_word' id='word_1_20' title='bbox 1463 835 1725 938; x_wconf 62' lang='lat' dir='ltr'><strong>mones</strong></span> <span class='ocrx_word' id='word_1_21' title='bbox 1742 833 1953 914; x_wconf 81' lang='lat' dir='ltr'><strong>clericum</strong></span> <span class='ocrx_word' id='word_1_22' title='bbox 1971 847 2009 914; x_wconf 91' lang='lat' dir='ltr'><strong>et</strong></span> <span class='ocrx_word' id='word_1_23' title='bbox 2025 859 2088 913; x_wconf 85' lang='lat' dir='ltr'><strong>re·</strong></span> 
     </span>
     <span class='ocr_line' id='line_1_4' title="bbox 403 937 1969 1048; baseline -0.006 -25"><span class='ocrx_word' id='word_1_24' title='bbox 403 945 608 1048; x_wconf 90' lang='lat' dir='ltr'><strong>ligiosornm</strong></span> <span class='ocrx_word' id='word_1_25' title='bbox 626 947 679 1034; x_wconf 69' lang='lat' dir='ltr'><strong>l),</strong></span> <span class='ocrx_word' id='word_1_26' title='bbox 707 939 769 1016; x_wconf 87' lang='lat' dir='ltr'><strong>dei</strong></span> <span class='ocrx_word' id='word_1_27' title='bbox 785 939 909 1016; x_wconf 88' lang='lat' dir='ltr'><strong>timore</strong></span> <span class='ocrx_word' id='word_1_28' title='bbox 934 938 1137 1041; x_wconf 90' lang='lat' dir='ltr'><strong>postposito</strong></span> <span class='ocrx_word' id='word_1_29' title='bbox 1162 939 1354 1041; x_wconf 82' lang='lat' dir='ltr'><strong>occupavit</strong></span> <span class='ocrx_word' id='word_1_30' title='bbox 1371 949 1409 1015; x_wconf 90' lang='lat' dir='ltr'><strong>et</strong></span> <span class='ocrx_word' id='word_1_31' title='bbox 1425 939 1586 1041; x_wconf 84' lang='lat' dir='ltr'><strong>proauis</strong></span> <span class='ocrx_word' id='word_1_32' title='bbox 1604 938 1729 1014; x_wconf 82' lang='lat' dir='ltr'><strong>usibus</strong></span> <span class='ocrx_word' id='word_1_33' title='bbox 1747 937 1886 1016; x_wconf 77' lang='lat' dir='ltr'>detinet</span> <span class='ocrx_word' id='word_1_34' title='bbox 1901 965 1969 1014; x_wconf 88' lang='lat' dir='ltr'><strong>usu</strong></span> 
     </span>
    </p>

    <p class='ocr_par' dir='ltr' id='par_1_3' title="bbox 361 1041 2087 2596">
     <span class='ocr_line' id='line_1_5' title="bbox 403 1041 2087 1148; baseline -0.004 -24"><span class='ocrx_word' id='word_1_35' title='bbox 403 1050 558 1142; x_wconf 75' lang='lat' dir='ltr'><strong>Quarum</strong></span> <span class='ocrx_word' id='word_1_36' title='bbox 576 1044 846 1148; x_wconf 88' lang='lat' dir='ltr'><strong>possessionum</strong></span> <span class='ocrx_word' id='word_1_37' title='bbox 863 1043 1004 1119; x_wconf 89' lang='lat' dir='ltr'><strong>incolas</strong></span> <span class='ocrx_word' id='word_1_38' title='bbox 1022 1043 1181 1144; x_wconf 88' lang='lat' dir='ltr'><strong>augariis</strong></span> <span class='ocrx_word' id='word_1_39' title='bbox 1207 1053 1244 1119; x_wconf 91' lang='lat' dir='ltr'><strong>et</strong></span> <span class='ocrx_word' id='word_1_40' title='bbox 1266 1042 1504 1145; x_wconf 72' lang='lat' dir='ltr'><strong>perangariis,</strong></span> <span class='ocrx_word' id='word_1_41' title='bbox 1531 1041 1698 1119; x_wconf 91' lang='lat' dir='ltr'><strong>collectis</strong></span> <span class='ocrx_word' id='word_1_42' title='bbox 1722 1066 1787 1118; x_wconf 90' lang='lat' dir='ltr'><strong>seu</strong></span> <span class='ocrx_word' id='word_1_43' title='bbox 1813 1042 1981 1118; x_wconf 88' lang='lat' dir='ltr'><strong>talliisin</strong></span> <span class='ocrx_word' id='word_1_44' title='bbox 2008 1043 2087 1121; x_wconf 88' lang='lat' dir='ltr'><strong>ebi-</strong></span> 
     </span>
     <span class='ocr_line' id='line_1_6' title="bbox 402 1144 2087 1250; baseline -0.004 -20"><span class='ocrx_word' id='word_1_45' title='bbox 402 1154 451 1230; x_wconf 88' lang='lat' dir='ltr'><strong>tis</strong></span> <span class='ocrx_word' id='word_1_46' title='bbox 469 1165 504 1244; x_wconf 77' lang='lat' dir='ltr'><strong>e)</strong></span> <span class='ocrx_word' id='word_1_47' title='bbox 529 1148 754 1250; x_wconf 73' lang='lat' dir='ltr'><strong>aggravavit,</strong></span> <span class='ocrx_word' id='word_1_48' title='bbox 781 1147 834 1222; x_wconf 88' lang='lat' dir='ltr'><strong>ita</strong></span> <span class='ocrx_word' id='word_1_49' title='bbox 849 1144 944 1246; x_wconf 90' lang='lat' dir='ltr'><strong>quod</strong></span> <span class='ocrx_word' id='word_1_50' title='bbox 961 1147 1068 1248; x_wconf 87' lang='lat' dir='ltr'><strong>pauci</strong></span> <span class='ocrx_word' id='word_1_51' title='bbox 1085 1147 1277 1222; x_wconf 70' lang='lat' dir='ltr'><strong>incolantur</strong></span> <span class='ocrx_word' id='word_1_52' title='bbox 1294 1147 1415 1224; x_wconf 90' lang='lat' dir='ltr'><strong>taliter</strong></span> <span class='ocrx_word' id='word_1_53' title='bbox 1431 1146 1621 1246; x_wconf 82' lang='lat' dir='ltr'><strong>aggravati</strong></span> <span class='ocrx_word' id='word_1_54' title='bbox 1638 1150 1670 1238; x_wconf 81' lang='lat'><strong>⁴¹)</strong></span> <span class='ocrx_word' id='word_1_55' title='bbox 1693 1146 1728 1221; x_wconf 91' lang='lat' dir='ltr'><strong>iu</strong></span> <span class='ocrx_word' id='word_1_56' title='bbox 1746 1147 1852 1222; x_wconf 84' lang='lat' dir='ltr'><strong>terris</strong></span> <span class='ocrx_word' id='word_1_57' title='bbox 1867 1150 1941 1248; x_wconf 84' lang='lat' dir='ltr'><strong>jam</strong></span> <span class='ocrx_word' id='word_1_58' title='bbox 1959 1148 2087 1225; x_wconf 93' lang='lat' dir='ltr'><strong>eccle·</strong></span> 
     </span>
     <span class='ocr_line' id='line_1_7' title="bbox 403 1248 2085 1352; baseline -0.004 -18"><span class='ocrx_word' id='word_1_59' title='bbox 403 1258 460 1333; x_wconf 87' lang='lat' dir='ltr'><strong>aie</strong></span> <span class='ocrx_word' id='word_1_60' title='bbox 478 1264 721 1331; x_wconf 88' lang='lat' dir='ltr'><strong>remanserunt</strong></span> <span class='ocrx_word' id='word_1_61' title='bbox 738 1259 774 1339; x_wconf 67' lang='grc' dir='ltr'><strong>ο)</strong></span> <span class='ocrx_word' id='word_1_62' title='bbox 792 1263 830 1327; x_wconf 90' lang='lat' dir='ltr'><strong>et</strong></span> <span class='ocrx_word' id='word_1_63' title='bbox 847 1249 942 1350; x_wconf 90' lang='lat' dir='ltr'><strong>qnod</strong></span> <span class='ocrx_word' id='word_1_64' title='bbox 959 1251 1028 1325; x_wconf 91' lang='lat' dir='ltr'><strong>biis</strong></span> <span class='ocrx_word' id='word_1_65' title='bbox 1046 1254 1078 1340; x_wconf 64' lang='grc' dir='ltr'><strong>ί)</strong></span> <span class='ocrx_word' id='word_1_66' title='bbox 1097 1263 1156 1326; x_wconf 87' lang='lat' dir='ltr'><strong>cst</strong></span> <span class='ocrx_word' id='word_1_67' title='bbox 1173 1248 1345 1344; x_wconf 76' lang='lat' dir='ltr'><strong>detcdus,</strong></span> <span class='ocrx_word' id='word_1_68' title='bbox 1364 1249 1646 1328; x_wconf 88' lang='lat' dir='ltr'><strong>ecclesiasticas</strong></span> <span class='ocrx_word' id='word_1_69' title='bbox 1663 1249 1924 1352; x_wconf 87' lang='lat' dir='ltr'><strong>possessiones</strong></span> <span class='ocrx_word' id='word_1_70' title='bbox 1941 1261 1975 1342; x_wconf 81' lang='lat' dir='ltr'><strong>a)</strong></span> <span class='ocrx_word' id='word_1_71' title='bbox 1992 1275 2085 1328; x_wconf 88' lang='lat' dir='ltr'><strong>ven-</strong></span> 
     </span>
     <span class='ocr_line' id='line_1_8' title="bbox 403 1335 2085 1458; baseline -0.005 -21"><span class='ocrx_word' id='word_1_72' title='bbox 403 1357 467 1452; x_wconf 87' lang='lat' dir='ltr'><strong>dit,</strong></span> <span class='ocrx_word' id='word_1_73' title='bbox 494 1359 594 1434; x_wconf 85' lang='lat' dir='ltr'><strong>locat</strong></span> <span class='ocrx_word' id='word_1_74' title='bbox 610 1369 647 1433; x_wconf 91' lang='lat' dir='ltr'><strong>et</strong></span> <span class='ocrx_word' id='word_1_75' title='bbox 663 1354 832 1432; x_wconf 81' lang='lat' dir='ltr'><strong>distrabit</strong></span> <span class='ocrx_word' id='word_1_76' title='bbox 847 1379 912 1456; x_wconf 83' lang='lat' dir='ltr'><strong>pro</strong></span> <span class='ocrx_word' id='word_1_77' title='bbox 929 1353 1094 1458; x_wconf 85' lang='lat' dir='ltr'><strong>pecuniis</strong></span> <span class='ocrx_word' id='word_1_78' title='bbox 1111 1352 1161 1430; x_wconf 88' lang='lat' dir='ltr'><strong>ad</strong></span> <span class='ocrx_word' id='word_1_79' title='bbox 1176 1353 1322 1447; x_wconf 87' lang='lat' dir='ltr'><strong>libitum,</strong></span> <span class='ocrx_word' id='word_1_80' title='bbox 1350 1366 1388 1430; x_wconf 90' lang='lat' dir='ltr'><strong>nt</strong></span> <span class='ocrx_word' id='word_1_81' title='bbox 1403 1355 1518 1456; x_wconf 81' lang='lat' dir='ltr'><strong>ipsam</strong></span> <span class='ocrx_word' id='word_1_82' title='bbox 1537 1353 1733 1432; x_wconf 73' lang='lat' dir='ltr'><strong>ecclesia·</strong></span> <span class='ocrx_word' id='word_1_83' title='bbox 1749 1351 1798 1430; x_wconf 89' lang='lat' dir='ltr'><strong>de</strong></span> <span class='ocrx_word' id='word_1_84' title='bbox 1813 1355 1893 1430; x_wconf 85' lang='lat' dir='ltr'><strong>auis</strong></span> <span class='ocrx_word' id='word_1_85' title='bbox 1909 1335 2085 1456; x_wconf 75' lang='lat' dir='ltr'><strong>piemuiis,</strong></span> 
     </span>
     <span class='ocr_line' id='line_1_9' title="bbox 402 1455 2086 1564; baseline -0.003 -24"><span class='ocrx_word' id='word_1_86' title='bbox 402 1463 553 1564; x_wconf 87' lang='lat' dir='ltr'><strong>iniquam</strong></span> <span class='ocrx_word' id='word_1_87' title='bbox 572 1483 720 1538; x_wconf 81' lang='lat' dir='ltr'><strong>cansmu</strong></span> <span class='ocrx_word' id='word_1_88' title='bbox 737 1456 908 1552; x_wconf 82' lang='lat' dir='ltr'><strong>fovendo,</strong></span> <span class='ocrx_word' id='word_1_89' title='bbox 936 1457 1101 1534; x_wconf 85' lang='lat' dir='ltr'><strong>destruat</strong></span> <span class='ocrx_word' id='word_1_90' title='bbox 1118 1469 1155 1534; x_wconf 91' lang='lat' dir='ltr'><strong>et</strong></span> <span class='ocrx_word' id='word_1_91' title='bbox 1170 1458 1363 1559; x_wconf 89' lang='lat' dir='ltr'><strong>impugnet.</strong></span> <span class='ocrx_word' id='word_1_92' title='bbox 1406 1458 1561 1560; x_wconf 85' lang='lat' dir='ltr'><strong>Propter</strong></span> <span class='ocrx_word' id='word_1_93' title='bbox 1576 1455 1671 1558; x_wconf 84' lang='lat' dir='ltr'><strong>qnod</strong></span> <span class='ocrx_word' id='word_1_94' title='bbox 1696 1457 1859 1560; x_wconf 80' lang='lat' dir='ltr'><strong>prelatus</strong></span> <span class='ocrx_word' id='word_1_95' title='bbox 1881 1457 1996 1534; x_wconf 76' lang='lat' dir='ltr'><strong>irater</strong></span> <span class='ocrx_word' id='word_1_96' title='bbox 2018 1479 2086 1534; x_wconf 80' lang='lat' dir='ltr'><strong>no-</strong></span> 
     </span>
     <span class='ocr_line' id='line_1_10' title="bbox 403 1561 2084 1662; baseline -0.004 -18"><span class='ocrx_word' id='word_1_97' title='bbox 403 1579 491 1658; x_wconf 90' lang='lat' dir='ltr'><strong>ster,</strong></span> <span class='ocrx_word' id='word_1_98' title='bbox 510 1590 577 1641; x_wconf 93' lang='lat' dir='ltr'><strong>uou</strong></span> <span class='ocrx_word' id='word_1_99' title='bbox 595 1565 726 1640; x_wconf 90' lang='lat' dir='ltr'><strong>valeus</strong></span> <span class='ocrx_word' id='word_1_100' title='bbox 743 1574 813 1638; x_wconf 88' lang='lat' dir='ltr'><strong>taur</strong></span> <span class='ocrx_word' id='word_1_101' title='bbox 833 1586 1008 1638; x_wconf 80' lang='lat' dir='ltr'><strong>enormem</strong></span> <span class='ocrx_word' id='word_1_102' title='bbox 1020 1566 1201 1661; x_wconf 89' lang='lat' dir='ltr'><strong>jacturam</strong></span> <span class='ocrx_word' id='word_1_103' title='bbox 1220 1572 1257 1638; x_wconf 90' lang='lat' dir='ltr'><strong>et</strong></span> <span class='ocrx_word' id='word_1_104' title='bbox 1274 1562 1544 1639; x_wconf 77' lang='lat' dir='ltr'><strong>subversionem</strong></span> <span class='ocrx_word' id='word_1_105' title='bbox 1557 1585 1625 1638; x_wconf 87' lang='lat' dir='ltr'><strong>sue</strong></span> <span class='ocrx_word' id='word_1_106' title='bbox 1635 1561 1801 1640; x_wconf 84' lang='lat' dir='ltr'><strong>ecclesie</strong></span> <span class='ocrx_word' id='word_1_107' title='bbox 1813 1561 1981 1654; x_wconf 87' lang='lat' dir='ltr'><strong>tolerare,</strong></span> <span class='ocrx_word' id='word_1_108' title='bbox 1999 1584 2084 1662; x_wconf 58' lang='lat' dir='ltr'><strong>pree</strong></span> 
     </span>
     <span class='ocr_line' id='line_1_11' title="bbox 403 1663 2086 1766; baseline -0.004 -20"><span class='ocrx_word' id='word_1_109' title='bbox 403 1671 517 1746; x_wconf 86' lang='lat' dir='ltr'><strong>missa</strong></span> <span class='ocrx_word' id='word_1_110' title='bbox 534 1668 711 1746; x_wconf 86' lang='lat' dir='ltr'><strong>canonica</strong></span> <span class='ocrx_word' id='word_1_111' title='bbox 727 1666 936 1757; x_wconf 75' lang='lat' dir='ltr'><strong>municione,</strong></span> <span class='ocrx_word' id='word_1_112' title='bbox 958 1665 1081 1742; x_wconf 90' lang='lat' dir='ltr'><strong>iterum</strong></span> <span class='ocrx_word' id='word_1_113' title='bbox 1099 1665 1213 1766; x_wconf 87' lang='lat' dir='ltr'><strong>ipsum</strong></span> <span class='ocrx_word' id='word_1_114' title='bbox 1232 1663 1359 1744; x_wconf 91' lang='lat' dir='ltr'><strong>ducem</strong></span> <span class='ocrx_word' id='word_1_115' title='bbox 1379 1689 1428 1741; x_wconf 84' lang='lat' dir='ltr'><strong>ex</strong></span> <span class='ocrx_word' id='word_1_116' title='bbox 1445 1677 1517 1740; x_wconf 89' lang='lat' dir='ltr'><strong>tam</strong></span> <span class='ocrx_word' id='word_1_117' title='bbox 1534 1664 1706 1764; x_wconf 84' lang='lat' dir='ltr'><strong>gravibus</strong></span> <span class='ocrx_word' id='word_1_118' title='bbox 1724 1677 1762 1742; x_wconf 90' lang='lat' dir='ltr'><strong>ct</strong></span> <span class='ocrx_word' id='word_1_119' title='bbox 1778 1666 1924 1742; x_wconf 88' lang='lat' dir='ltr'><strong>notoriis</strong></span> <span class='ocrx_word' id='word_1_120' title='bbox 1940 1665 2004 1742; x_wconf 86' lang='lat' dir='ltr'><strong>toti</strong></span> <span class='ocrx_word' id='word_1_121' title='bbox 2019 1689 2086 1740; x_wconf 91' lang='lat' dir='ltr'><strong>uc·</strong></span> 
     </span>
     <span class='ocr_line' id='line_1_12' title="bbox 402 1765 2085 1876; baseline -0.003 -26"><span class='ocrx_word' id='word_1_122' title='bbox 402 1789 479 1851; x_wconf 87' lang='lat' dir='ltr'><strong>stre</strong></span> <span class='ocrx_word' id='word_1_123' title='bbox 503 1772 686 1876; x_wconf 89' lang='lat' dir='ltr'><strong>provincie</strong></span> <span class='ocrx_word' id='word_1_124' title='bbox 710 1769 858 1846; x_wconf 81' lang='lat' dir='ltr'><strong>offensis</strong></span> <span class='ocrx_word' id='word_1_125' title='bbox 882 1768 1204 1847; x_wconf 80' lang='lat' dir='ltr'><strong>excommunicavit</strong></span> <span class='ocrx_word' id='word_1_126' title='bbox 1229 1779 1267 1845; x_wconf 91' lang='lat' dir='ltr'><strong>et</strong></span> <span class='ocrx_word' id='word_1_127' title='bbox 1295 1779 1441 1870; x_wconf 89' lang='lat' dir='ltr'><strong>propter</strong></span> <span class='ocrx_word' id='word_1_128' title='bbox 1467 1765 1744 1867; x_wconf 80' lang='lat' dir='ltr'><strong>magnitudinem</strong></span> <span class='ocrx_word' id='word_1_129' title='bbox 1769 1793 1952 1846; x_wconf 83' lang='lat' dir='ltr'><strong>excessus</strong></span> <span class='ocrx_word' id='word_1_130' title='bbox 1975 1781 2085 1846; x_wconf 82' lang='lat' dir='ltr'><strong>totam</strong></span> 
     </span>
     <span class='ocr_line' id='line_1_13' title="bbox 361 1869 2085 1987; baseline -0.003 -32"><span class='ocrx_word' id='word_1_131' title='bbox 361 1927 366 1938; x_wconf 89' lang='lat'><em>·</em></span> <span class='ocrx_word' id='word_1_132' title='bbox 402 1891 532 1955; x_wconf 89' lang='lat' dir='ltr'><strong>terram</strong></span> <span class='ocrx_word' id='word_1_133' title='bbox 556 1875 672 1978; x_wconf 87' lang='lat' dir='ltr'><strong>ipsius</strong></span> <span class='ocrx_word' id='word_1_134' title='bbox 697 1871 804 1950; x_wconf 88' lang='lat' dir='ltr'><strong>ducis</strong></span> <span class='ocrx_word' id='word_1_135' title='bbox 830 1873 1088 1950; x_wconf 87' lang='lat' dir='ltr'><strong>ecclesiastico</strong></span> <span class='ocrx_word' id='word_1_136' title='bbox 1105 1873 1294 1974; x_wconf 84' lang='lat' dir='ltr'><strong>supposuit</strong></span> <span class='ocrx_word' id='word_1_137' title='bbox 1317 1869 1507 1987; x_wconf 63' lang='lat' dir='ltr'><strong>iutpdicto</strong></span> <span class='ocrx_word' id='word_1_138' title='bbox 1521 1873 1559 1962; x_wconf 88' lang='lat'><strong>¹).</strong></span> <span class='ocrx_word' id='word_1_139' title='bbox 1605 1869 1684 1949; x_wconf 85' lang='lat' dir='ltr'><strong>Sed</strong></span> <span class='ocrx_word' id='word_1_140' title='bbox 1705 1871 1800 1950; x_wconf 91' lang='lat' dir='ltr'><strong>idem</strong></span> <span class='ocrx_word' id='word_1_141' title='bbox 1824 1871 1910 1960; x_wconf 85' lang='lat' dir='ltr'><strong>dux,</strong></span> <span class='ocrx_word' id='word_1_142' title='bbox 1937 1897 2005 1950; x_wconf 87' lang='lat' dir='ltr'><strong>nec</strong></span> <span class='ocrx_word' id='word_1_143' title='bbox 2028 1874 2085 1950; x_wconf 66' lang='lat' dir='ltr'><strong>dc</strong></span> 
     </span>
     <span class='ocr_line' id='line_1_14' title="bbox 403 1971 2085 2081; baseline -0.004 -22"><span class='ocrx_word' id='word_1_144' title='bbox 403 1993 602 2071; x_wconf 85' lang='lat' dir='ltr'><strong>conectns,</strong></span> <span class='ocrx_word' id='word_1_145' title='bbox 627 2001 742 2081; x_wconf 87' lang='lat' dir='ltr'><strong>ymmo</strong></span> <span class='ocrx_word' id='word_1_146' title='bbox 759 1977 793 2052; x_wconf 94' lang='lat' dir='ltr'><strong>in</strong></span> <span class='ocrx_word' id='word_1_147' title='bbox 812 1977 955 2052; x_wconf 81' lang='lat' dir='ltr'><strong>malicia</strong></span> <span class='ocrx_word' id='word_1_148' title='bbox 978 1976 1189 2066; x_wconf 88' lang='lat' dir='ltr'><strong>obstinatus,</strong></span> <span class='ocrx_word' id='word_1_149' title='bbox 1216 1973 1380 2078; x_wconf 89' lang='lat' dir='ltr'><strong>predicto</strong></span> <span class='ocrx_word' id='word_1_150' title='bbox 1403 1976 1514 2052; x_wconf 78' lang='lat' dir='ltr'><strong>franc</strong></span> <span class='ocrx_word' id='word_1_151' title='bbox 1539 1987 1661 2052; x_wconf 89' lang='lat' dir='ltr'><strong>nostro</strong></span> <span class='ocrx_word' id='word_1_152' title='bbox 1683 2001 1709 2052; x_wconf 87' lang='lat' dir='ltr'><strong>a</strong></span> <span class='ocrx_word' id='word_1_153' title='bbox 1725 2003 1795 2052; x_wconf 85' lang='lat' dir='ltr'><strong>sua</strong></span> <span class='ocrx_word' id='word_1_154' title='bbox 1818 1971 1911 2054; x_wconf 82' lang='lat' dir='ltr'><strong>aede</strong></span> <span class='ocrx_word' id='word_1_155' title='bbox 1936 1976 2085 2078; x_wconf 83' lang='lat' dir='ltr'><strong>prelatis</strong></span> 
     </span>
     <span class='ocr_line' id='line_1_15' title="bbox 403 2077 2085 2182; baseline -0.004 -20"><span class='ocrx_word' id='word_1_156' title='bbox 403 2097 442 2163; x_wconf 88' lang='lat' dir='ltr'><strong>et</strong></span> <span class='ocrx_word' id='word_1_157' title='bbox 459 2083 644 2161; x_wconf 90' lang='lat' dir='ltr'><strong>canonicis</strong></span> <span class='ocrx_word' id='word_1_158' title='bbox 660 2083 673 2158; x_wconf 95' lang='lat' dir='ltr'><strong>i</strong></span> <span class='ocrx_word' id='word_1_159' title='bbox 698 2081 775 2156; x_wconf 90' lang='lat' dir='ltr'><strong>sins</strong></span> <span class='ocrx_word' id='word_1_160' title='bbox 793 2077 841 2156; x_wconf 89' lang='lat' dir='ltr'><strong>de</strong></span> <span class='ocrx_word' id='word_1_161' title='bbox 859 2080 937 2155; x_wconf 88' lang='lat' dir='ltr'><strong>suis</strong></span> <span class='ocrx_word' id='word_1_162' title='bbox 955 2077 1116 2155; x_wconf 85' lang='lat' dir='ltr'><strong>domibus</strong></span> <span class='ocrx_word' id='word_1_163' title='bbox 1135 2081 1279 2180; x_wconf 68' lang='lat' dir='ltr'><strong>ejectis,</strong></span> <span class='ocrx_word' id='word_1_164' title='bbox 1297 2089 1369 2155; x_wconf 88' lang='lat' dir='ltr'><strong>taru</strong></span> <span class='ocrx_word' id='word_1_165' title='bbox 1386 2079 1577 2156; x_wconf 88' lang='lat' dir='ltr'><strong>seculares</strong></span> <span class='ocrx_word' id='word_1_166' title='bbox 1597 2105 1701 2182; x_wconf 82' lang='lat' dir='ltr'><strong>quam</strong></span> <span class='ocrx_word' id='word_1_167' title='bbox 1717 2081 1911 2180; x_wconf 80' lang='lat' dir='ltr'><strong>religiosos</strong></span> <span class='ocrx_word' id='word_1_168' title='bbox 1929 2081 2085 2158; x_wconf 90' lang='lat' dir='ltr'><strong>clericos</strong></span> 
     </span>
     <span class='ocr_line' id='line_1_16' title="bbox 404 2109 2086 2290; baseline -0.004 -23"><span class='ocrx_word' id='word_1_169' title='bbox 404 2190 504 2290; x_wconf 88' lang='lat' dir='ltr'><strong>cogit</strong></span> <span class='ocrx_word' id='word_1_170' title='bbox 520 2190 554 2264; x_wconf 92' lang='lat' dir='ltr'><strong>iu</strong></span> <span class='ocrx_word' id='word_1_171' title='bbox 572 2109 772 2262; x_wconf 78' lang='lat' dir='ltr'><strong>interdictis</strong></span> <span class='ocrx_word' id='word_1_172' title='bbox 791 2183 964 2261; x_wconf 87' lang='lat' dir='ltr'><strong>ecclesiis</strong></span> <span class='ocrx_word' id='word_1_173' title='bbox 982 2183 1181 2274; x_wconf 87' lang='lat' dir='ltr'><strong>celebrare,</strong></span> <span class='ocrx_word' id='word_1_174' title='bbox 1200 2183 1313 2284; x_wconf 87' lang='lat' dir='ltr'><strong>etqui</strong></span> <span class='ocrx_word' id='word_1_175' title='bbox 1331 2179 1436 2260; x_wconf 90' lang='lat' dir='ltr'><strong>deum</strong></span> <span class='ocrx_word' id='word_1_176' title='bbox 1454 2183 1632 2260; x_wconf 84' lang='lat' dir='ltr'><strong>babentes</strong></span> <span class='ocrx_word' id='word_1_177' title='bbox 1648 2209 1714 2286; x_wconf 88' lang='lat' dir='ltr'><strong>pre</strong></span> <span class='ocrx_word' id='word_1_178' title='bbox 1731 2185 1847 2262; x_wconf 87' lang='lat' dir='ltr'><strong>oculis</strong></span> <span class='ocrx_word' id='word_1_179' title='bbox 1865 2184 1987 2260; x_wconf 90' lang='lat' dir='ltr'><strong>uolunt</strong></span> <span class='ocrx_word' id='word_1_180' title='bbox 2003 2188 2086 2284; x_wconf 89' lang='lat' dir='ltr'><strong>ejus</strong></span> 
     </span>
     <span class='ocr_line' id='line_1_17' title="bbox 404 2283 2086 2470; baseline -0.003 -99"><span class='ocrx_word' id='word_1_181' title='bbox 404 2293 600 2470; x_wconf 49' lang='lat' dir='ltr'><strong>&#39;wffiie‘</strong></span> <span class='ocrx_word' id='word_1_182' title='bbox 616 2287 909 2466; x_wconf 67' lang='lat' dir='ltr'><strong>persuppsiunibus</strong></span> <span class='ocrx_word' id='word_1_183' title='bbox 927 2283 1093 2466; x_wconf 63' lang='lat' dir='ltr'><strong>obedirp,</strong></span> <span class='ocrx_word' id='word_1_184' title='bbox 1121 2301 1187 2408; x_wconf 77' lang='lat' dir='ltr'><strong>eos</strong></span> <span class='ocrx_word' id='word_1_185' title='bbox 1212 2287 1389 2464; x_wconf 66' lang='lat' dir='ltr'><strong>spoliapos</strong></span> <span class='ocrx_word' id='word_1_186' title='bbox 1412 2289 1521 2364; x_wconf 88' lang='lat' dir='ltr'><strong>rebus</strong></span> <span class='ocrx_word' id='word_1_187' title='bbox 1546 2289 1706 2410; x_wconf 78' lang='lat' dir='ltr'><strong>omnibus</strong></span> <span class='ocrx_word' id='word_1_188' title='bbox 1731 2303 1770 2365; x_wconf 93' lang='lat' dir='ltr'><strong>et</strong></span> <span class='ocrx_word' id='word_1_189' title='bbox 1793 2290 1918 2412; x_wconf 75' lang='lat' dir='ltr'><strong>asnis</strong></span> <span class='ocrx_word' id='word_1_190' title='bbox 1942 2293 2086 2468; x_wconf 49' lang='lat' dir='ltr'><strong>ejw</strong></span> 
     </span>
     <span class='ocr_line' id='line_1_18' title="bbox 404 2403 2085 2596; baseline -0.001 -22"><span class='ocrx_word' id='word_1_191' title='bbox 404 2415 729 2574; x_wconf 63' lang='lat' dir='ltr'><strong>stltltttttt</strong></span> <span class='ocrx_word' id='word_1_192' title='bbox 748 2403 2085 2596; x_wconf 55' lang='lat' dir='ltr'><strong>tetta&amp;leallbtttffbtnttlltlrt&#39;gtttltlta:</strong></span> 
     </span>
    </p>
   </div>
   <div class='ocr_carea' id='block_1_3' title="bbox 404 2597 2119 2926">
    <p class='ocr_par' dir='ltr' id='par_1_4' title="bbox 404 2597 2119 2926">
     <span class='ocr_line' id='line_1_19' title="bbox 404 2597 2119 2706; baseline -0.002 -27"><span class='ocrx_word' id='word_1_193' title='bbox 404 2615 594 2704; x_wconf 89' lang='lat' dir='ltr'><strong>apostatas</strong></span> <span class='ocrx_word' id='word_1_194' title='bbox 611 2601 780 2690; x_wconf 89' lang='lat' dir='ltr'><strong>notorius,</strong></span> <span class='ocrx_word' id='word_1_195' title='bbox 808 2599 1081 2678; x_wconf 86' lang='lat' dir='ltr'><strong>concubinarios</strong></span> <span class='ocrx_word' id='word_1_196' title='bbox 1106 2609 1143 2675; x_wconf 89' lang='lat' dir='ltr'><strong>et</strong></span> <span class='ocrx_word' id='word_1_197' title='bbox 1161 2599 1490 2675; x_wconf 86' lang='lat' dir='ltr'><strong>excommunicatus</strong></span> <span class='ocrx_word' id='word_1_198' title='bbox 1512 2597 1658 2679; x_wconf 81' lang='lat' dir='ltr'><strong>intrudit</strong></span> <span class='ocrx_word' id='word_1_199' title='bbox 1681 2600 1716 2676; x_wconf 93' lang='lat' dir='ltr'><strong>iu</strong></span> <span class='ocrx_word' id='word_1_200' title='bbox 1741 2600 1925 2678; x_wconf 88' lang='lat' dir='ltr'><strong>ecclesias</strong></span> <span class='ocrx_word' id='word_1_201' title='bbox 1942 2605 2085 2700; x_wconf 88' lang='lat' dir='ltr'><strong>ejecto·</strong></span> <span class='ocrx_word' id='word_1_202' title='bbox 2114 2695 2119 2706; x_wconf 94' lang='lat'><strong>.</strong></span> 
     </span>
     <span class='ocr_line' id='line_1_20' title="bbox 404 2701 2086 2810; baseline -0.001 -28"><span class='ocrx_word' id='word_1_203' title='bbox 404 2733 495 2799; x_wconf 92' lang='lat' dir='ltr'><strong>nrm,</strong></span> <span class='ocrx_word' id='word_1_204' title='bbox 523 2707 580 2806; x_wconf 84' lang='lat' dir='ltr'><strong>qni</strong></span> <span class='ocrx_word' id='word_1_205' title='bbox 604 2704 745 2795; x_wconf 91' lang='lat' dir='ltr'><strong>intrusi,</strong></span> <span class='ocrx_word' id='word_1_206' title='bbox 771 2713 974 2804; x_wconf 83' lang='lat' dir='ltr'><strong>rumpentes</strong></span> <span class='ocrx_word' id='word_1_207' title='bbox 997 2725 1143 2810; x_wconf 82' lang='lat' dir='ltr'><strong>nervum</strong></span> <span class='ocrx_word' id='word_1_208' title='bbox 1173 2701 1432 2781; x_wconf 83' lang='lat' dir='ltr'><strong>ecclesiastice</strong></span> <span class='ocrx_word' id='word_1_209' title='bbox 1457 2701 1666 2804; x_wconf 80' lang='lat' dir='ltr'><strong>discipline,</strong></span> <span class='ocrx_word' id='word_1_210' title='bbox 1697 2702 1953 2806; x_wconf 83' lang='lat' dir='ltr'><strong>prophananda</strong></span> <span class='ocrx_word' id='word_1_211' title='bbox 1977 2727 2086 2780; x_wconf 74' lang='lat' dir='ltr'><strong>sama</strong></span> 
     </span>
     <span class='ocr_line' id='line_1_21' title="bbox 405 2803 2084 2926; baseline -0.001 -42"><span class='ocrx_word' id='word_1_212' title='bbox 405 2809 620 2912; x_wconf 88' lang='lat' dir='ltr'><strong>quantumin</strong></span> <span class='ocrx_word' id='word_1_213' title='bbox 639 2809 695 2884; x_wconf 87' lang='lat' dir='ltr'><strong>eis</strong></span> <span class='ocrx_word' id='word_1_214' title='bbox 713 2819 782 2898; x_wconf 89' lang='lat' dir='ltr'><strong>est,</strong></span> <span class='ocrx_word' id='word_1_215' title='bbox 810 2831 879 2883; x_wconf 92' lang='lat' dir='ltr'><strong>nec</strong></span> <span class='ocrx_word' id='word_1_216' title='bbox 895 2806 1008 2926; x_wconf 80' lang='lat' dir='ltr'><strong>ipsum</strong></span> <span class='ocrx_word' id='word_1_217' title='bbox 1027 2803 1156 2884; x_wconf 90' lang='lat' dir='ltr'><strong>ducem</strong></span> <span class='ocrx_word' id='word_1_218' title='bbox 1172 2807 1285 2882; x_wconf 78' lang='lat' dir='ltr'><strong>ritant</strong></span> <span class='ocrx_word' id='word_1_219' title='bbox 1301 2807 1335 2881; x_wconf 93' lang='lat' dir='ltr'><strong>iu</strong></span> <span class='ocrx_word' id='word_1_220' title='bbox 1355 2803 1485 2882; x_wconf 87' lang='lat' dir='ltr'><strong>diuinis</strong></span> <span class='ocrx_word' id='word_1_221' title='bbox 1502 2805 1634 2884; x_wconf 85' lang='lat' dir='ltr'><strong>officiis</strong></span> <span class='ocrx_word' id='word_1_222' title='bbox 1658 2833 1727 2886; x_wconf 90' lang='lat' dir='ltr'><strong>nec</strong></span> <span class='ocrx_word' id='word_1_223' title='bbox 1746 2821 1871 2886; x_wconf 91' lang='lat' dir='ltr'><strong>curant</strong></span> <span class='ocrx_word' id='word_1_224' title='bbox 1887 2809 2084 2884; x_wconf 88' lang='lat' dir='ltr'><strong>observare</strong></span> 
     </span>
    </p>
   </div>
   <div class='ocr_carea' id='block_1_4' title="bbox 321 2906 2134 4464">
    <p class='ocr_par' dir='ltr' id='par_1_5' title="bbox 321 2906 2134 4464">
     <span class='ocr_line' id='line_1_22' title="bbox 404 2906 2134 3016; baseline -0.002 -26"><span class='ocrx_word' id='word_1_225' title='bbox 404 2914 565 3016; x_wconf 84' lang='lat' dir='ltr'><strong>quamvis</strong></span> <span class='ocrx_word' id='word_1_226' title='bbox 583 2911 766 3012; x_wconf 83' lang='lat' dir='ltr'><strong>generalis</strong></span> <span class='ocrx_word' id='word_1_227' title='bbox 784 2922 1002 2986; x_wconf 89' lang='lat' dir='ltr'><strong>sentencrum</strong></span> <span class='ocrx_word' id='word_1_228' title='bbox 1020 2906 1211 3002; x_wconf 83' lang='lat' dir='ltr'><strong>interdicti,</strong></span> <span class='ocrx_word' id='word_1_229' title='bbox 1239 2933 1308 2988; x_wconf 90' lang='lat' dir='ltr'><strong>uec</strong></span> <span class='ocrx_word' id='word_1_230' title='bbox 1332 2911 1482 2987; x_wconf 90' lang='lat' dir='ltr'><strong>inveniri</strong></span> <span class='ocrx_word' id='word_1_231' title='bbox 1506 2923 1657 3012; x_wconf 88' lang='lat' dir='ltr'><strong>possunt</strong></span> <span class='ocrx_word' id='word_1_232' title='bbox 1673 2935 1830 3012; x_wconf 89' lang='lat' dir='ltr'><strong>persone</strong></span> <span class='ocrx_word' id='word_1_233' title='bbox 1847 2922 1990 3016; x_wconf 91' lang='lat' dir='ltr'><strong>propter</strong></span> <span class='ocrx_word' id='word_1_234' title='bbox 2006 2935 2084 2988; x_wconf 84' lang='lat' dir='ltr'><strong>me·</strong></span> <span class='ocrx_word' id='word_1_235' title='bbox 2131 2929 2134 2936; x_wconf 88' lang='grc'><strong>’</strong></span> 
     </span>
     <span class='ocr_line' id='line_1_23' title="bbox 404 3011 2085 3120; baseline -0.001 -25"><span class='ocrx_word' id='word_1_236' title='bbox 404 3033 475 3095; x_wconf 91' lang='lat' dir='ltr'><strong>tnnr</strong></span> <span class='ocrx_word' id='word_1_237' title='bbox 492 3017 607 3120; x_wconf 87' lang='lat' dir='ltr'><strong>ipsius</strong></span> <span class='ocrx_word' id='word_1_238' title='bbox 625 3013 742 3108; x_wconf 91' lang='lat' dir='ltr'><strong>ducis,</strong></span> <span class='ocrx_word' id='word_1_239' title='bbox 769 3038 838 3114; x_wconf 88' lang='lat' dir='ltr'><strong>que</strong></span> <span class='ocrx_word' id='word_1_240' title='bbox 855 3012 916 3090; x_wconf 90' lang='lat' dir='ltr'><strong>vel</strong></span> <span class='ocrx_word' id='word_1_241' title='bbox 934 3011 1103 3090; x_wconf 84' lang='lat' dir='ltr'><strong>mandatu</strong></span> <span class='ocrx_word' id='word_1_242' title='bbox 1119 3012 1366 3113; x_wconf 85' lang='lat' dir='ltr'><strong>delegatorum</strong></span> <span class='ocrx_word' id='word_1_243' title='bbox 1383 3012 1487 3090; x_wconf 88' lang='lat' dir='ltr'><strong>sedis</strong></span> <span class='ocrx_word' id='word_1_244' title='bbox 1505 3014 1707 3116; x_wconf 88' lang='lat' dir='ltr'><strong>apostolice</strong></span> <span class='ocrx_word' id='word_1_245' title='bbox 1724 3015 1784 3092; x_wconf 89' lang='lat' dir='ltr'><strong>vel</strong></span> <span class='ocrx_word' id='word_1_246' title='bbox 1802 3015 2010 3094; x_wconf 81' lang='lat' dir='ltr'><strong>sentencias</strong></span> <span class='ocrx_word' id='word_1_247' title='bbox 2028 3015 2085 3092; x_wconf 82' lang='lat' dir='ltr'><strong>sui</strong></span> 
     </span>
     <span class='ocr_line' id='line_1_24' title="bbox 404 3115 2084 3220; baseline -0.002 -22"><span class='ocrx_word' id='word_1_248' title='bbox 404 3119 571 3198; x_wconf 87' lang='lat' dir='ltr'><strong>ordinarii</strong></span> <span class='ocrx_word' id='word_1_249' title='bbox 589 3129 822 3220; x_wconf 82' lang='lat' dir='ltr'><strong>exequantur.</strong></span> <span class='ocrx_word' id='word_1_250' title='bbox 866 3117 995 3219; x_wconf 91' lang='lat' dir='ltr'><strong>Nuper</strong></span> <span class='ocrx_word' id='word_1_251' title='bbox 1012 3117 1119 3209; x_wconf 90' lang='lat' dir='ltr'><strong>enim,</strong></span> <span class='ocrx_word' id='word_1_252' title='bbox 1147 3141 1226 3196; x_wconf 89' lang='lat' dir='ltr'><strong>cnm</strong></span> <span class='ocrx_word' id='word_1_253' title='bbox 1244 3115 1383 3218; x_wconf 84' lang='lat' dir='ltr'><strong>quidam</strong></span> <span class='ocrx_word' id='word_1_254' title='bbox 1400 3121 1607 3220; x_wconf 88' lang='lat' dir='ltr'><strong>prepositus</strong></span> <span class='ocrx_word' id='word_1_255' title='bbox 1623 3119 1970 3196; x_wconf 84' lang='lat' dir='ltr'><strong>Premoustratcnais</strong></span> <span class='ocrx_word' id='word_1_256' title='bbox 1986 3117 2084 3195; x_wconf 89' lang='lat' dir='ltr'><strong>ordi·</strong></span> 
     </span>
     <span class='ocr_line' id='line_1_25' title="bbox 404 3221 2084 3324; baseline 0 -24"><span class='ocrx_word' id='word_1_257' title='bbox 404 3227 462 3302; x_wconf 94' lang='lat' dir='ltr'><strong>nis</strong></span> <span class='ocrx_word' id='word_1_258' title='bbox 479 3223 818 3300; x_wconf 86' lang='lat' dir='ltr'><strong>Wratiulauiam</strong></span> <span class='ocrx_word' id='word_1_259' title='bbox 835 3222 1076 3314; x_wconf 85' lang='lat' dir='ltr'><strong>accessisset,</strong></span> <span class='ocrx_word' id='word_1_260' title='bbox 1095 3232 1133 3296; x_wconf 91' lang='lat' dir='ltr'><strong>ut</strong></span> <span class='ocrx_word' id='word_1_261' title='bbox 1150 3223 1363 3299; x_wconf 88' lang='lat' dir='ltr'><strong>auctoritate</strong></span> <span class='ocrx_word' id='word_1_262' title='bbox 1379 3222 1584 3324; x_wconf 84' lang='lat' dir='ltr'><strong>apostolica</strong></span> <span class='ocrx_word' id='word_1_263' title='bbox 1599 3221 1760 3323; x_wconf 85' lang='lat' dir='ltr'><strong>prolatas</strong></span> <span class='ocrx_word' id='word_1_264' title='bbox 1778 3223 1988 3300; x_wconf 85' lang='lat' dir='ltr'><strong>sentencias</strong></span> <span class='ocrx_word' id='word_1_265' title='bbox 2006 3247 2084 3300; x_wconf 87' lang='lat' dir='ltr'><strong>cnm</strong></span> 
     </span>
     <span class='ocr_line' id='line_1_26' title="bbox 405 3325 2085 3429; baseline -0.001 -24"><span class='ocrx_word' id='word_1_266' title='bbox 405 3327 545 3405; x_wconf 90' lang='lat' dir='ltr'><strong>duobus</strong></span> <span class='ocrx_word' id='word_1_267' title='bbox 562 3327 742 3419; x_wconf 80' lang='lat' dir='ltr'><strong>iratribus,</strong></span> <span class='ocrx_word' id='word_1_268' title='bbox 770 3326 865 3404; x_wconf 89' lang='lat' dir='ltr'><strong>sicut</strong></span> <span class='ocrx_word' id='word_1_269' title='bbox 882 3325 950 3402; x_wconf 87' lang='lat' dir='ltr'><strong>sibi</strong></span> <span class='ocrx_word' id='word_1_270' title='bbox 966 3325 1159 3424; x_wconf 91' lang='lat' dir='ltr'><strong>injunctum</strong></span> <span class='ocrx_word' id='word_1_271' title='bbox 1186 3325 1303 3402; x_wconf 87' lang='lat' dir='ltr'><strong>lucrat</strong></span> <span class='ocrx_word' id='word_1_272' title='bbox 1325 3325 1540 3427; x_wconf 87' lang='lat' dir='ltr'><strong>publicaret,</strong></span> <span class='ocrx_word' id='word_1_273' title='bbox 1567 3326 1658 3402; x_wconf 86' lang='lat' dir='ltr'><strong>iutra</strong></span> <span class='ocrx_word' id='word_1_274' title='bbox 1682 3339 1790 3429; x_wconf 91' lang='lat' dir='ltr'><strong>septa</strong></span> <span class='ocrx_word' id='word_1_275' title='bbox 1807 3328 2012 3405; x_wconf 87' lang='lat' dir='ltr'><strong>monasterii</strong></span> <span class='ocrx_word' id='word_1_276' title='bbox 2030 3327 2085 3402; x_wconf 87' lang='lat' dir='ltr'><strong>sni</strong></span> 
     </span>
     <span class='ocr_line' id='line_1_27' title="bbox 406 3425 2086 3532; baseline 0.001 -26"><span class='ocrx_word' id='word_1_277' title='bbox 406 3429 540 3508; x_wconf 87' lang='lat' dir='ltr'><strong>ordinis</strong></span> <span class='ocrx_word' id='word_1_278' title='bbox 565 3455 630 3532; x_wconf 90' lang='lat' dir='ltr'><strong>per</strong></span> <span class='ocrx_word' id='word_1_279' title='bbox 654 3428 917 3506; x_wconf 86' lang='lat' dir='ltr'><strong>marschallrum</strong></span> <span class='ocrx_word' id='word_1_280' title='bbox 941 3439 979 3504; x_wconf 92' lang='lat' dir='ltr'><strong>et</strong></span> <span class='ocrx_word' id='word_1_281' title='bbox 1001 3427 1106 3503; x_wconf 89' lang='lat' dir='ltr'><strong>aliam</strong></span> <span class='ocrx_word' id='word_1_282' title='bbox 1132 3425 1237 3506; x_wconf 88' lang='lat' dir='ltr'><strong>ducis</strong></span> <span class='ocrx_word' id='word_1_283' title='bbox 1261 3428 1447 3521; x_wconf 76' lang='lat' dir='ltr'><strong>familiam,</strong></span> <span class='ocrx_word' id='word_1_284' title='bbox 1475 3429 1596 3529; x_wconf 84' lang='lat' dir='ltr'><strong>equis,</strong></span> <span class='ocrx_word' id='word_1_285' title='bbox 1622 3431 1787 3506; x_wconf 88' lang='lat' dir='ltr'><strong>vestibus</strong></span> <span class='ocrx_word' id='word_1_286' title='bbox 1811 3433 1980 3508; x_wconf 84' lang='lat' dir='ltr'><strong>atrebas</strong></span> <span class='ocrx_word' id='word_1_287' title='bbox 2004 3431 2086 3508; x_wconf 89' lang='lat' dir='ltr'><strong>aliis</strong></span> 
     </span>
     <span class='ocr_line' id='line_1_28' title="bbox 406 3529 2084 3638; baseline -0.001 -28"><span class='ocrx_word' id='word_1_288' title='bbox 406 3535 484 3610; x_wconf 86' lang='lat' dir='ltr'><strong>auis</strong></span> <span class='ocrx_word' id='word_1_289' title='bbox 501 3545 538 3610; x_wconf 92' lang='lat' dir='ltr'><strong>et</strong></span> <span class='ocrx_word' id='word_1_290' title='bbox 555 3557 695 3608; x_wconf 89' lang='lat' dir='ltr'><strong>suorum</strong></span> <span class='ocrx_word' id='word_1_291' title='bbox 715 3532 779 3608; x_wconf 88' lang='lat' dir='ltr'><strong>luit</strong></span> <span class='ocrx_word' id='word_1_292' title='bbox 796 3531 898 3608; x_wconf 85' lang='lat' dir='ltr'><strong>clara</strong></span> <span class='ocrx_word' id='word_1_293' title='bbox 911 3529 971 3608; x_wconf 92' lang='lat' dir='ltr'><strong>die</strong></span> <span class='ocrx_word' id='word_1_294' title='bbox 988 3531 1132 3632; x_wconf 92' lang='lat' dir='ltr'><strong>publice</strong></span> <span class='ocrx_word' id='word_1_295' title='bbox 1149 3531 1372 3634; x_wconf 66' lang='lat' dir='ltr'><strong>spatiumst).</strong></span> <span class='ocrx_word' id='word_1_296' title='bbox 1399 3532 1475 3608; x_wconf 85' lang='lat' dir='ltr'><strong>Alii</strong></span> <span class='ocrx_word' id='word_1_297' title='bbox 1489 3533 1603 3610; x_wconf 85' lang='lat' dir='ltr'><strong>eciam</strong></span> <span class='ocrx_word' id='word_1_298' title='bbox 1622 3538 1653 3624; x_wconf 78' lang='lat'><strong>¹¹)</strong></span> <span class='ocrx_word' id='word_1_299' title='bbox 1672 3545 1747 3610; x_wconf 87' lang='lat' dir='ltr'><strong>tres</strong></span> <span class='ocrx_word' id='word_1_300' title='bbox 1790 3535 1979 3638; x_wconf 83' lang='lat' dir='ltr'><strong>resbytcri,</strong></span> <span class='ocrx_word' id='word_1_301' title='bbox 1998 3559 2084 3612; x_wconf 86' lang='lat' dir='ltr'><strong>serr-</strong></span> 
     </span>
     <span class='ocr_line' id='line_1_29' title="bbox 321 3561 2086 3740; baseline 0.001 -26"><span class='ocrx_word' id='word_1_302' title='bbox 321 3641 324 3648; x_wconf 85' lang='lat'>&#39;</span> <span class='ocrx_word' id='word_1_303' title='bbox 406 3637 548 3714; x_wconf 86' lang='lat' dir='ltr'><strong>terrcias</strong></span> <span class='ocrx_word' id='word_1_304' title='bbox 574 3636 628 3712; x_wconf 87' lang='lat' dir='ltr'><strong>sui</strong></span> <span class='ocrx_word' id='word_1_305' title='bbox 653 3633 820 3711; x_wconf 90' lang='lat' dir='ltr'><strong>ordinarii</strong></span> <span class='ocrx_word' id='word_1_306' title='bbox 843 3647 1079 3734; x_wconf 83' lang='lat' dir='ltr'><strong>exequentes,</strong></span> <span class='ocrx_word' id='word_1_307' title='bbox 1107 3635 1204 3736; x_wconf 89' lang='lat' dir='ltr'><strong>capti</strong></span> <span class='ocrx_word' id='word_1_308' title='bbox 1230 3635 1372 3713; x_wconf 83' lang='lat' dir='ltr'><strong>lueurnt</strong></span> <span class='ocrx_word' id='word_1_309' title='bbox 1394 3638 1428 3712; x_wconf 93' lang='lat' dir='ltr'><strong>in</strong></span> <span class='ocrx_word' id='word_1_310' title='bbox 1455 3637 1620 3716; x_wconf 85' lang='lat' dir='ltr'><strong>ecclesia</strong></span> <span class='ocrx_word' id='word_1_311' title='bbox 1642 3561 1848 3715; x_wconf 81' lang='lat' dir='ltr'><strong>kathedrali</strong></span> <span class='ocrx_word' id='word_1_312' title='bbox 1870 3637 2086 3740; x_wconf 76' lang='lat' dir='ltr'><strong>parrochiali</strong></span> 
     </span>
     <span class='ocr_line' id='line_1_30' title="bbox 407 3738 2085 3843; baseline 0.001 -26"><span class='ocrx_word' id='word_1_313' title='bbox 407 3765 527 3818; x_wconf 89' lang='lat' dir='ltr'><strong>curam</strong></span> <span class='ocrx_word' id='word_1_314' title='bbox 543 3739 674 3843; x_wconf 92' lang='lat' dir='ltr'><strong>populo</strong></span> <span class='ocrx_word' id='word_1_315' title='bbox 692 3739 729 3814; x_wconf 95' lang='lat' dir='ltr'>N</span> <span class='ocrx_word' id='word_1_316' title='bbox 739 3738 916 3814; x_wconf 86' lang='lat' dir='ltr'><strong>iaeusis</strong></span> <span class='ocrx_word' id='word_1_317' title='bbox 935 3738 1091 3816; x_wconf 87' lang='lat' dir='ltr'><strong>civitatis</strong></span> <span class='ocrx_word' id='word_1_318' title='bbox 1110 3750 1146 3816; x_wconf 90' lang='lat' dir='ltr'><strong>et</strong></span> <span class='ocrx_word' id='word_1_319' title='bbox 1163 3750 1337 3839; x_wconf 89' lang='lat' dir='ltr'><strong>tamquam</strong></span> <span class='ocrx_word' id='word_1_320' title='bbox 1353 3741 1636 3838; x_wconf 20' lang='lat' dir='ltr'><strong>latrones-tracti</strong></span> <span class='ocrx_word' id='word_1_321' title='bbox 1652 3742 1688 3817; x_wconf 94' lang='lat' dir='ltr'><strong>in</strong></span> <span class='ocrx_word' id='word_1_322' title='bbox 1704 3766 1808 3819; x_wconf 87' lang='lat' dir='ltr'><strong>curru</strong></span> <span class='ocrx_word' id='word_1_323' title='bbox 1828 3753 1865 3819; x_wconf 90' lang='lat' dir='ltr'><strong>et</strong></span> <span class='ocrx_word' id='word_1_324' title='bbox 1881 3743 1919 3818; x_wconf 92' lang='lat' dir='ltr'><strong>iu</strong></span> <span class='ocrx_word' id='word_1_325' title='bbox 1932 3739 2085 3842; x_wconf 83' lang='lat' dir='ltr'><strong>quodam</strong></span> 
     </span>
     <span class='ocr_line' id='line_1_31' title="bbox 407 3839 2085 3947; baseline 0.001 -26"><span class='ocrx_word' id='word_1_326' title='bbox 407 3855 529 3921; x_wconf 90' lang='lat' dir='ltr'><strong>castro</strong></span> <span class='ocrx_word' id='word_1_327' title='bbox 552 3843 733 3936; x_wconf 84' lang='lat' dir='ltr'><strong>ecclesie,</strong></span> <span class='ocrx_word' id='word_1_328' title='bbox 761 3839 856 3943; x_wconf 86' lang='lat' dir='ltr'><strong>quod</strong></span> <span class='ocrx_word' id='word_1_329' title='bbox 877 3839 972 3919; x_wconf 89' lang='lat' dir='ltr'><strong>idem</strong></span> <span class='ocrx_word' id='word_1_330' title='bbox 996 3839 1072 3918; x_wconf 87' lang='lat' dir='ltr'><strong>dux</strong></span> <span class='ocrx_word' id='word_1_331' title='bbox 1094 3867 1161 3944; x_wconf 88' lang='lat' dir='ltr'><strong>per</strong></span> <span class='ocrx_word' id='word_1_332' title='bbox 1183 3843 1384 3944; x_wconf 87' lang='lat' dir='ltr'><strong>potenciam</strong></span> <span class='ocrx_word' id='word_1_333' title='bbox 1408 3845 1615 3946; x_wconf 84' lang='lat' dir='ltr'><strong>occuparit,</strong></span> <span class='ocrx_word' id='word_1_334' title='bbox 1642 3869 1708 3947; x_wconf 88' lang='lat' dir='ltr'><strong>per</strong></span> <span class='ocrx_word' id='word_1_335' title='bbox 1730 3845 1897 3922; x_wconf 84' lang='lat' dir='ltr'><strong>familiam</strong></span> <span class='ocrx_word' id='word_1_336' title='bbox 1919 3843 2085 3945; x_wconf 79' lang='lat' dir='ltr'><strong>ejusdem</strong></span> 
     </span>
     <span class='ocr_line' id='line_1_32' title="bbox 406 3943 2086 4052; baseline 0 -26"><span class='ocrx_word' id='word_1_337' title='bbox 406 3945 512 4026; x_wconf 89' lang='lat' dir='ltr'><strong>ducis</strong></span> <span class='ocrx_word' id='word_1_338' title='bbox 529 3947 564 4023; x_wconf 94' lang='lat' dir='ltr'><strong>in</strong></span> <span class='ocrx_word' id='word_1_339' title='bbox 582 3971 765 4024; x_wconf 88' lang='lat' dir='ltr'><strong>carcerem</strong></span> <span class='ocrx_word' id='word_1_340' title='bbox 784 3957 865 4021; x_wconf 90' lang='lat' dir='ltr'><strong>sunt</strong></span> <span class='ocrx_word' id='word_1_341' title='bbox 883 3943 1031 4038; x_wconf 87' lang='lat' dir='ltr'><strong>detrusi,</strong></span> <span class='ocrx_word' id='word_1_342' title='bbox 1058 3957 1288 4049; x_wconf 89' lang='lat' dir='ltr'><strong>propterque</strong></span> <span class='ocrx_word' id='word_1_343' title='bbox 1307 3959 1343 4024; x_wconf 94' lang='lat' dir='ltr'><strong>et</strong></span> <span class='ocrx_word' id='word_1_344' title='bbox 1361 3948 1496 4024; x_wconf 87' lang='lat' dir='ltr'><strong>scisura</strong></span> <span class='ocrx_word' id='word_1_345' title='bbox 1522 3959 1580 4026; x_wconf 91' lang='lat' dir='ltr'><strong>est</strong></span> <span class='ocrx_word' id='word_1_346' title='bbox 1596 3949 1631 4025; x_wconf 90' lang='lat' dir='ltr'><strong>in</strong></span> <span class='ocrx_word' id='word_1_347' title='bbox 1649 3950 1780 4052; x_wconf 92' lang='lat' dir='ltr'><strong>populo</strong></span> <span class='ocrx_word' id='word_1_348' title='bbox 1805 3961 1911 4050; x_wconf 85' lang='lat' dir='ltr'><strong>atque</strong></span> <span class='ocrx_word' id='word_1_349' title='bbox 1928 3950 2028 4027; x_wconf 89' lang='lat' dir='ltr'><strong>clero</strong></span> <span class='ocrx_word' id='word_1_350' title='bbox 2047 3961 2086 4026; x_wconf 88' lang='lat' dir='ltr'><strong>et</strong></span> 
     </span>
     <span class='ocr_line' id='line_1_33' title="bbox 406 4049 2086 4152; baseline 0.004 -26"><span class='ocrx_word' id='word_1_351' title='bbox 406 4052 535 4130; x_wconf 88' lang='lat' dir='ltr'><strong>vicinis</strong></span> <span class='ocrx_word' id='word_1_352' title='bbox 549 4051 721 4132; x_wconf 87' lang='lat' dir='ltr'><strong>ecclesiis</strong></span> <span class='ocrx_word' id='word_1_353' title='bbox 734 4049 879 4126; x_wconf 86' lang='lat' dir='ltr'><strong>aliarum</strong></span> <span class='ocrx_word' id='word_1_354' title='bbox 893 4051 1149 4152; x_wconf 89' lang='lat' dir='ltr'><strong>provinciarum</strong></span> <span class='ocrx_word' id='word_1_355' title='bbox 1163 4075 1277 4150; x_wconf 85' lang='lat' dir='ltr'><strong>grave</strong></span> <span class='ocrx_word' id='word_1_356' title='bbox 1290 4049 1500 4129; x_wconf 83' lang='lat' dir='ltr'><strong>scandulum</strong></span> <span class='ocrx_word' id='word_1_357' title='bbox 1515 4065 1575 4130; x_wconf 88' lang='lat' dir='ltr'><strong>est</strong></span> <span class='ocrx_word' id='word_1_358' title='bbox 1587 4067 1758 4130; x_wconf 84' lang='lat' dir='ltr'><strong>exortum.</strong></span> <span class='ocrx_word' id='word_1_359' title='bbox 1783 4053 1956 4130; x_wconf 83' lang='lat' dir='ltr'><strong>Decimae</strong></span> <span class='ocrx_word' id='word_1_360' title='bbox 1969 4055 2086 4132; x_wconf 80' lang='lat' dir='ltr'><strong>ocimu</strong></span> 
     </span>
     <span class='ocr_line' id='line_1_34' title="bbox 406 4151 2086 4259; baseline 0.001 -25"><span class='ocrx_word' id='word_1_361' title='bbox 406 4181 530 4234; x_wconf 91' lang='lat' dir='ltr'><strong>omues</strong></span> <span class='ocrx_word' id='word_1_362' title='bbox 548 4167 587 4233; x_wconf 91' lang='lat' dir='ltr'><strong>et</strong></span> <span class='ocrx_word' id='word_1_363' title='bbox 601 4167 796 4258; x_wconf 87' lang='lat' dir='ltr'><strong>proventus</strong></span> <span class='ocrx_word' id='word_1_364' title='bbox 813 4153 930 4230; x_wconf 87' lang='lat' dir='ltr'><strong>tucius</strong></span> <span class='ocrx_word' id='word_1_365' title='bbox 948 4151 1102 4232; x_wconf 90' lang='lat' dir='ltr'><strong>ducatus</strong></span> <span class='ocrx_word' id='word_1_366' title='bbox 1120 4156 1189 4246; x_wconf 85' lang='lat' dir='ltr'><strong>sui,</strong></span> <span class='ocrx_word' id='word_1_367' title='bbox 1215 4166 1286 4232; x_wconf 81' lang='lat' dir='ltr'><strong>taur</strong></span> <span class='ocrx_word' id='word_1_368' title='bbox 1310 4156 1511 4258; x_wconf 85' lang='lat' dir='ltr'><strong>episcopali</strong></span> <span class='ocrx_word' id='word_1_369' title='bbox 1538 4181 1661 4234; x_wconf 88' lang='lat' dir='ltr'><strong>mense</strong></span> <span class='ocrx_word' id='word_1_370' title='bbox 1679 4157 1887 4259; x_wconf 81' lang='lat' dir='ltr'><strong>specialiter</strong></span> <span class='ocrx_word' id='word_1_371' title='bbox 1902 4159 2086 4259; x_wconf 85' lang='lat' dir='ltr'><strong>pertinen·</strong></span> 
     </span>
     <span class='ocr_line' id='line_1_35' title="bbox 408 4257 2086 4360; baseline 0.002 -22"><span class='ocrx_word' id='word_1_372' title='bbox 408 4271 478 4354; x_wconf 88' lang='lat' dir='ltr'><strong>tes,</strong></span> <span class='ocrx_word' id='word_1_373' title='bbox 504 4285 606 4360; x_wconf 87' lang='lat' dir='ltr'><strong>quarn</strong></span> <span class='ocrx_word' id='word_1_374' title='bbox 625 4259 885 4350; x_wconf 84' lang='lat' dir='ltr'><strong>canonicorum,</strong></span> <span class='ocrx_word' id='word_1_375' title='bbox 909 4257 1155 4358; x_wconf 81' lang='lat' dir='ltr'><strong>religiosorum</strong></span> <span class='ocrx_word' id='word_1_376' title='bbox 1173 4269 1210 4336; x_wconf 92' lang='lat' dir='ltr'><strong>et</strong></span> <span class='ocrx_word' id='word_1_377' title='bbox 1226 4258 1441 4336; x_wconf 85' lang='lat' dir='ltr'><strong>secularium</strong></span> <span class='ocrx_word' id='word_1_378' title='bbox 1459 4261 1681 4352; x_wconf 79' lang='lat' dir='ltr'><strong>clericorum,</strong></span> <span class='ocrx_word' id='word_1_379' title='bbox 1705 4261 1869 4339; x_wconf 85' lang='lat' dir='ltr'><strong>ecclesie</strong></span> <span class='ocrx_word' id='word_1_380' title='bbox 1885 4263 2086 4341; x_wconf 87' lang='lat' dir='ltr'><strong>observan-</strong></span> 
     </span>
     <span class='ocr_line' id='line_1_36' title="bbox 408 4363 2086 4464; baseline 0.002 -26"><span class='ocrx_word' id='word_1_381' title='bbox 408 4363 499 4438; x_wconf 89' lang='lat' dir='ltr'><strong>cinm</strong></span> <span class='ocrx_word' id='word_1_382' title='bbox 517 4364 696 4456; x_wconf 86' lang='lat' dir='ltr'><strong>unitatem,</strong></span> <span class='ocrx_word' id='word_1_383' title='bbox 723 4369 843 4437; x_wconf 82' lang='lat' dir='ltr'><strong>edicto</strong></span> <span class='ocrx_word' id='word_1_384' title='bbox 858 4365 1008 4464; x_wconf 79' lang='lat' dir='ltr'><strong>publico</strong></span> <span class='ocrx_word' id='word_1_385' title='bbox 1026 4369 1062 4437; x_wconf 85' lang='lat' dir='ltr'><strong>iu</strong></span> <span class='ocrx_word' id='word_1_386' title='bbox 1075 4365 1180 4462; x_wconf 81' lang='lat' dir='ltr'><strong>soria</strong></span> <span class='ocrx_word' id='word_1_387' title='bbox 1197 4369 1384 4439; x_wconf 83' lang='lat' dir='ltr'><strong>ciuitatum</strong></span> <span class='ocrx_word' id='word_1_388' title='bbox 1402 4371 1544 4454; x_wconf 78' lang='lat' dir='ltr'><strong>emissa,</strong></span> <span class='ocrx_word' id='word_1_389' title='bbox 1572 4389 1638 4440; x_wconf 86' lang='lat' dir='ltr'><strong>suo</strong></span> <span class='ocrx_word' id='word_1_390' title='bbox 1662 4365 1751 4442; x_wconf 82' lang='lat' dir='ltr'><strong>fecit</strong></span> <span class='ocrx_word' id='word_1_391' title='bbox 1775 4377 1812 4442; x_wconf 92' lang='lat' dir='ltr'><strong>et</strong></span> <span class='ocrx_word' id='word_1_392' title='bbox 1835 4365 2031 4444; x_wconf 76' lang='lat' dir='ltr'><strong>tantunaco</strong></span> <span class='ocrx_word' id='word_1_393' title='bbox 2049 4379 2086 4444; x_wconf 89' lang='lat' dir='ltr'><strong>et</strong></span> 
     </span>
    </p>
   </div>
   <div class='ocr_carea' id='block_1_5' title="bbox 408 4537 2085 4724">
    <p class='ocr_par' dir='ltr' id='par_1_6' title="bbox 408 4537 2085 4724">
     <span class='ocr_line' id='line_1_37' title="bbox 493 4537 2085 4606; baseline 0.003 -21"><span class='ocrx_word' id='word_1_394' title='bbox 493 4539 524 4595; x_wconf 86' lang='lat' dir='ltr'><strong>b)</strong></span> <span class='ocrx_word' id='word_1_395' title='bbox 541 4551 563 4588; x_wconf 91' lang='lat' dir='ltr'><strong>r.</strong></span> <span class='ocrx_word' id='word_1_396' title='bbox 580 4537 734 4588; x_wconf 82' lang='lat' dir='ltr'><strong>aucularltrur</strong></span> <span class='ocrx_word' id='word_1_397' title='bbox 752 4537 793 4586; x_wconf 85' lang='lat' dir='ltr'><strong>del</strong></span> <span class='ocrx_word' id='word_1_398' title='bbox 829 4539 857 4596; x_wconf 83' lang='lat' dir='ltr'><strong>c)</strong></span> <span class='ocrx_word' id='word_1_399' title='bbox 874 4537 891 4586; x_wconf 85' lang='lat' dir='ltr'><strong>i.</strong></span> <span class='ocrx_word' id='word_1_400' title='bbox 909 4539 973 4588; x_wconf 77' lang='lat' dir='ltr'><strong>adeo</strong></span> <span class='ocrx_word' id='word_1_401' title='bbox 991 4551 1065 4606; x_wconf 79' lang='lat' dir='ltr'><strong>aggr.</strong></span> <span class='ocrx_word' id='word_1_402' title='bbox 1100 4539 1130 4598; x_wconf 90' lang='lat' dir='ltr'><strong>d)</strong></span> <span class='ocrx_word' id='word_1_403' title='bbox 1149 4539 1192 4588; x_wconf 85' lang='lat' dir='ltr'><strong>tal.</strong></span> <span class='ocrx_word' id='word_1_404' title='bbox 1210 4553 1284 4606; x_wconf 80' lang='lat' dir='ltr'><strong>aggr.</strong></span> <span class='ocrx_word' id='word_1_405' title='bbox 1303 4541 1375 4590; x_wconf 85' lang='lat' dir='ltr'><strong>leblt.</strong></span> <span class='ocrx_word' id='word_1_406' title='bbox 1416 4543 1444 4600; x_wconf 83' lang='lat' dir='ltr'><strong>e)</strong></span> <span class='ocrx_word' id='word_1_407' title='bbox 1463 4554 1484 4590; x_wconf 89' lang='lat' dir='ltr'><strong>r.</strong></span> <span class='ocrx_word' id='word_1_408' title='bbox 1502 4551 1580 4589; x_wconf 85' lang='lat' dir='ltr'><strong>onera</strong></span> <span class='ocrx_word' id='word_1_409' title='bbox 1598 4541 1744 4602; x_wconf 78' lang='lat' dir='ltr'><strong>hujusmodi</strong></span> <span class='ocrx_word' id='word_1_410' title='bbox 1762 4541 1907 4592; x_wconf 75' lang='lat' dir='ltr'><strong>devitantes</strong></span> <span class='ocrx_word' id='word_1_411' title='bbox 1925 4547 1951 4591; x_wconf 87' lang='lat' dir='ltr'><strong>at</strong></span> <span class='ocrx_word' id='word_1_412' title='bbox 1991 4543 2018 4601; x_wconf 85' lang='lat' dir='ltr'><strong>l)</strong></span> <span class='ocrx_word' id='word_1_413' title='bbox 2037 4543 2085 4590; x_wconf 84' lang='lat' dir='ltr'><strong>lrilr</strong></span> 
     </span>
     <span class='ocr_line' id='line_1_38' title="bbox 408 4605 2084 4724; baseline 0.005 -73"><span class='ocrx_word' id='word_1_414' title='bbox 408 4607 525 4724; x_wconf 58' lang='lat' dir='ltr'><strong>prppp&#39;l&#39;lppa</strong></span> <span class='ocrx_word' id='word_1_415' title='bbox 543 4613 583 4656; x_wconf 84' lang='lat' dir='ltr'><strong>eat</strong></span> <span class='ocrx_word' id='word_1_416' title='bbox 634 4611 665 4674; x_wconf 75' lang='lat' dir='ltr'><strong>g)</strong></span> <span class='ocrx_word' id='word_1_417' title='bbox 683 4607 720 4655; x_wconf 76' lang='lat' dir='ltr'><strong>Ea</strong></span> <span class='ocrx_word' id='word_1_418' title='bbox 738 4605 813 4656; x_wconf 85' lang='lat' dir='ltr'><strong>stand</strong></span> <span class='ocrx_word' id='word_1_419' title='bbox 832 4605 887 4655; x_wconf 85' lang='lat' dir='ltr'><strong>bier</strong></span> <span class='ocrx_word' id='word_1_420' title='bbox 905 4621 1038 4672; x_wconf 82' lang='lat' dir='ltr'><strong>personas,</strong></span> <span class='ocrx_word' id='word_1_421' title='bbox 1057 4611 1254 4672; x_wconf 82' lang='lat' dir='ltr'><strong>veraclrrieben‚</strong></span> <span class='ocrx_word' id='word_1_422' title='bbox 1273 4611 1324 4657; x_wconf 79' lang='lat' dir='ltr'><strong>wie</strong></span> <span class='ocrx_word' id='word_1_423' title='bbox 1343 4623 1364 4659; x_wconf 81' lang='lat' dir='ltr'><strong>a.</strong></span> <span class='ocrx_word' id='word_1_424' title='bbox 1383 4622 1405 4657; x_wconf 72' lang='lat' dir='ltr'><strong>a</strong></span> <span class='ocrx_word' id='word_1_425' title='bbox 1424 4611 1448 4657; x_wconf 84' lang='lat' dir='ltr'><strong>d.</strong></span> <span class='ocrx_word' id='word_1_426' title='bbox 1467 4607 1606 4675; x_wconf 74' lang='lat' dir='ltr'><strong>folgenden</strong></span> <span class='ocrx_word' id='word_1_427' title='bbox 1626 4609 1768 4661; x_wconf 85' lang='lat' dir='ltr'><strong>Sobrelben</strong></span> <span class='ocrx_word' id='word_1_428' title='bbox 1787 4613 1873 4676; x_wconf 79' lang='lat' dir='ltr'><strong>ergab.</strong></span> <span class='ocrx_word' id='word_1_429' title='bbox 1927 4613 1957 4668; x_wconf 85' lang='lat' dir='ltr'><strong>lu)</strong></span> <span class='ocrx_word' id='word_1_430' title='bbox 1976 4611 2084 4673; x_wconf 78' lang='lat' dir='ltr'><strong>Quidam</strong></span> 
     </span>
    </p>
   </div>
   <div class='ocr_carea' id='block_1_6' title="bbox 453 4871 981 5076">
    <p class='ocr_par' dir='ltr' id='par_1_7' title="bbox 453 4871 981 5076">
     <span class='ocr_line' id='line_1_39' title="bbox 455 4871 981 4964; baseline 0.01 -27"><span class='ocrx_word' id='word_1_431' title='bbox 455 4871 981 4964; x_wconf 53' lang='lat' dir='ltr'><strong>nmfflmnw.</strong></span> 
     </span>
     <span class='ocr_line' id='line_1_40' title="bbox 453 4989 879 5076; baseline 0.007 -20"><span class='ocrx_word' id='word_1_432' title='bbox 453 4997 488 5076; x_wconf 85' lang='lat' dir='ltr'><strong>r)</strong></span> <span class='ocrx_word' id='word_1_433' title='bbox 514 4991 546 5056; x_wconf 89' lang='lat' dir='ltr'><strong>s.</strong></span> <span class='ocrx_word' id='word_1_434' title='bbox 568 4989 647 5059; x_wconf 62' lang='lat' dir='ltr'><strong>nun</strong></span> <span class='ocrx_word' id='word_1_435' title='bbox 669 4993 879 5062; x_wconf 59' lang='lat' dir='ltr'><strong>cnxxnta.</strong></span> 
     </span>
    </p>
   </div>
   <div class='ocr_carea' id='block_1_7' title="bbox 0 0 2339 5762">
    <p class='ocr_par' dir='ltr' id='par_1_8' title="bbox 0 0 2339 5762">
     <span class='ocr_line' id='line_1_41' title="bbox 0 0 2339 5762; baseline 0 0"><span class='ocrx_word' id='word_1_436' title='bbox 0 0 2339 5762; x_wconf 95' lang='lat' dir='ltr'><strong> </strong></span> 
     </span>
    </p>
   </div>
  </div>
 </body>
</html>
