<?xml version="1.0" encoding="UTF-8"?>
<!DOCTYPE html PUBLIC "-//W3C//DTD XHTML 1.0 Transitional//EN"
    "http://www.w3.org/TR/xhtml1/DTD/xhtml1-transitional.dtd">
<html xmlns="http://www.w3.org/1999/xhtml" xml:lang="en" lang="en">
 <head>
  <title>
</title>
<meta http-equiv="Content-Type" content="text/html;charset=utf-8" />
  <meta name='ocr-system' content='tesseract 3.04.00' />
  <meta name='ocr-capabilities' content='ocr_page ocr_carea ocr_par ocr_line ocrx_word'/>
</head>
<body>
  <div class='ocr_page' id='page_1' title='image "./urkundenzurgesc00stengoog_0476.png"; bbox 0 0 4552 5786; ppageno 0'>
   <div class='ocr_carea' id='block_1_1' title="bbox 701 459 1864 592">
    <p class='ocr_par' dir='ltr' id='par_1_1' title="bbox 701 459 1864 592">
     <span class='ocr_line' id='line_1_1' title="bbox 701 459 1864 592; baseline -0.001 -1"><span class='ocrx_word' id='word_1_1' title='bbox 701 517 915 592; x_wconf 63' lang='lat' dir='ltr'>uratum</span> <span class='ocrx_word' id='word_1_2' title='bbox 972 513 1130 589; x_wconf 74' lang='lat' dir='ltr'>cccxi.</span> <span class='ocrx_word' id='word_1_3' title='bbox 1162 513 1344 586; x_wconf 71' lang='lat' dir='ltr'>aeunni.</span> <span class='ocrx_word' id='word_1_4' title='bbox 1526 459 1531 475; x_wconf 68' lang='grc'><strong>’</strong></span> <span class='ocrx_word' id='word_1_5' title='bbox 1792 513 1864 591; x_wconf 80' lang='lat' dir='ltr'>err</span> 
     </span>
    </p>
   </div>
   <div class='ocr_carea' id='block_1_2' title="bbox 30 715 2013 3312">
    <p class='ocr_par' dir='ltr' id='par_1_2' title="bbox 30 715 2013 1444">
     <span class='ocr_line' id='line_1_2' title="bbox 186 715 1868 826; baseline -0.001 -26"><span class='ocrx_word' id='word_1_6' title='bbox 186 721 347 826; x_wconf 80' lang='lat' dir='ltr'>prelatus</span> <span class='ocrx_word' id='word_1_7' title='bbox 373 731 492 798; x_wconf 67' lang='lat' dir='ltr'>ms</span> <span class='ocrx_word' id='word_1_8' title='bbox 518 717 717 798; x_wconf 78' lang='lat' dir='ltr'>aniealdis</span> <span class='ocrx_word' id='word_1_9' title='bbox 741 717 885 796; x_wconf 74' lang='lat' dir='ltr'>autea</span> <span class='ocrx_word' id='word_1_10' title='bbox 910 717 1121 821; x_wconf 87' lang='lat' dir='ltr'>compositio</span> <span class='ocrx_word' id='word_1_11' title='bbox 1148 715 1196 794; x_wconf 91' lang='lat' dir='ltr'>sit</span> <span class='ocrx_word' id='word_1_12' title='bbox 1220 715 1322 794; x_wconf 80' lang='lat' dir='ltr'>lacta</span> <span class='ocrx_word' id='word_1_13' title='bbox 1345 715 1527 819; x_wconf 82' lang='lat' dir='ltr'>certisque</span> <span class='ocrx_word' id='word_1_14' title='bbox 1546 723 1779 800; x_wconf 74' lang='lat' dir='ltr'>nominantis</span> <span class='ocrx_word' id='word_1_15' title='bbox 1803 747 1868 798; x_wconf 67' lang='lat' dir='ltr'>u·</span> 
     </span>
     <span class='ocr_line' id='line_1_3' title="bbox 186 817 1894 926; baseline 0.001 -24"><span class='ocrx_word' id='word_1_16' title='bbox 186 825 377 926; x_wconf 67' lang='lat' dir='ltr'>timrlhque</span> <span class='ocrx_word' id='word_1_17' title='bbox 400 835 439 901; x_wconf 91' lang='lat' dir='ltr'>et</span> <span class='ocrx_word' id='word_1_18' title='bbox 462 823 604 926; x_wconf 88' lang='lat' dir='ltr'>punctis</span> <span class='ocrx_word' id='word_1_19' title='bbox 629 849 696 926; x_wconf 91' lang='lat' dir='ltr'>per</span> <span class='ocrx_word' id='word_1_20' title='bbox 720 847 934 926; x_wconf 72' lang='lat' dir='ltr'>expressum</span> <span class='ocrx_word' id='word_1_21' title='bbox 959 820 1149 899; x_wconf 83' lang='lat' dir='ltr'>declarata</span> <span class='ocrx_word' id='word_1_22' title='bbox 1182 833 1290 922; x_wconf 83' lang='lat' dir='ltr'>atque</span> <span class='ocrx_word' id='word_1_23' title='bbox 1307 817 1350 897; x_wconf 83' lang='lat' dir='ltr'>&#39;in</span> <span class='ocrx_word' id='word_1_24' title='bbox 1376 825 1494 920; x_wconf 79' lang='lat' dir='ltr'>majus</span> <span class='ocrx_word' id='word_1_25' title='bbox 1521 834 1559 900; x_wconf 89' lang='lat' dir='ltr'>et</span> <span class='ocrx_word' id='word_1_26' title='bbox 1582 823 1739 902; x_wconf 84' lang='lat' dir='ltr'>validius</span> <span class='ocrx_word' id='word_1_27' title='bbox 1763 817 1894 903; x_wconf 81' lang='lat' dir='ltr'>robur</span> 
     </span>
     <span class='ocr_line' id='line_1_4' title="bbox 187 923 1868 1026; baseline 0 -20"><span class='ocrx_word' id='word_1_28' title='bbox 187 930 335 1006; x_wconf 83' lang='lat' dir='ltr'>amnium</span> <span class='ocrx_word' id='word_1_29' title='bbox 357 939 514 1006; x_wconf 62' lang='lat' dir='ltr'>mtnrrm</span> <span class='ocrx_word' id='word_1_30' title='bbox 540 938 577 1005; x_wconf 93' lang='lat' dir='ltr'>et</span> <span class='ocrx_word' id='word_1_31' title='bbox 602 925 761 1004; x_wconf 75' lang='lat' dir='ltr'>ortl&#39;num</span> <span class='ocrx_word' id='word_1_32' title='bbox 786 951 836 1004; x_wconf 88' lang='lat' dir='ltr'>ex</span> <span class='ocrx_word' id='word_1_33' title='bbox 861 925 995 1003; x_wconf 84' lang='lat' dir='ltr'>ducatu</span> <span class='ocrx_word' id='word_1_34' title='bbox 1021 939 1144 1002; x_wconf 81' lang='lat' dir='ltr'>nostru</span> <span class='ocrx_word' id='word_1_35' title='bbox 1170 923 1323 1002; x_wconf 81' lang='lat' dir='ltr'>Slesie</span> <span class='ocrx_word' id='word_1_36' title='bbox 1354 925 1487 1026; x_wconf 79' lang='lat' dir='ltr'>sigillis</span> <span class='ocrx_word' id='word_1_37' title='bbox 1506 927 1668 1022; x_wconf 83' lang='lat' dir='ltr'>limata,</span> <span class='ocrx_word' id='word_1_38' title='bbox 1701 930 1868 1008; x_wconf 82' lang='lat' dir='ltr'>volentes</span> 
     </span>
     <span class='ocr_line' id='line_1_5' title="bbox 187 1027 1869 1132; baseline 0.001 -22"><span class='ocrx_word' id='word_1_39' title='bbox 187 1047 225 1109; x_wconf 88' lang='lat' dir='ltr'>nt</span> <span class='ocrx_word' id='word_1_40' title='bbox 250 1059 299 1110; x_wconf 84' lang='lat' dir='ltr'>ea</span> <span class='ocrx_word' id='word_1_41' title='bbox 318 1034 358 1110; x_wconf 88' lang='lat' dir='ltr'>in</span> <span class='ocrx_word' id='word_1_42' title='bbox 380 1033 544 1110; x_wconf 83' lang='lat' dir='ltr'>omnibus</span> <span class='ocrx_word' id='word_1_43' title='bbox 569 1032 647 1108; x_wconf 81' lang='lat' dir='ltr'>auis</span> <span class='ocrx_word' id='word_1_44' title='bbox 673 1031 860 1123; x_wconf 82' lang='lat' dir='ltr'>clausulis,</span> <span class='ocrx_word' id='word_1_45' title='bbox 887 1031 939 1106; x_wconf 83' lang='lat' dir='ltr'>ita</span> <span class='ocrx_word' id='word_1_46' title='bbox 962 1042 1066 1132; x_wconf 89' lang='lat' dir='ltr'>prout</span> <span class='ocrx_word' id='word_1_47' title='bbox 1091 1030 1209 1106; x_wconf 84' lang='lat' dir='ltr'>littere</span> <span class='ocrx_word' id='word_1_48' title='bbox 1224 1027 1296 1106; x_wconf 84' lang='lat' dir='ltr'>des</span> <span class='ocrx_word' id='word_1_49' title='bbox 1345 1054 1386 1106; x_wconf 90' lang='lat' dir='ltr'>er</span> <span class='ocrx_word' id='word_1_50' title='bbox 1410 1030 1511 1107; x_wconf 80' lang='lat' dir='ltr'>lacte</span> <span class='ocrx_word' id='word_1_51' title='bbox 1527 1033 1728 1126; x_wconf 87' lang='lat' dir='ltr'>continent,</span> <span class='ocrx_word' id='word_1_52' title='bbox 1752 1034 1869 1111; x_wconf 81' lang='lat' dir='ltr'>inrio-</span> 
     </span>
     <span class='ocr_line' id='line_1_6' title="bbox 186 1133 1869 1238; baseline 0 -24"><span class='ocrx_word' id='word_1_53' title='bbox 186 1138 341 1214; x_wconf 78' lang='lat' dir='ltr'>labiliter</span> <span class='ocrx_word' id='word_1_54' title='bbox 362 1139 411 1212; x_wconf 77' lang='lat' dir='ltr'>ab</span> <span class='ocrx_word' id='word_1_55' title='bbox 438 1147 587 1235; x_wconf 75' lang='lat' dir='ltr'>unaque</span> <span class='ocrx_word' id='word_1_56' title='bbox 612 1147 716 1238; x_wconf 83' lang='lat' dir='ltr'>parte</span> <span class='ocrx_word' id='word_1_57' title='bbox 740 1145 948 1227; x_wconf 85' lang='lat' dir='ltr'>serventur,</span> <span class='ocrx_word' id='word_1_58' title='bbox 975 1134 1152 1236; x_wconf 81' lang='lat' dir='ltr'>prefatam</span> <span class='ocrx_word' id='word_1_59' title='bbox 1179 1157 1294 1210; x_wconf 90' lang='lat' dir='ltr'>conco</span> <span class='ocrx_word' id='word_1_60' title='bbox 1339 1135 1407 1209; x_wconf 84' lang='lat' dir='ltr'>&#39;am</span> <span class='ocrx_word' id='word_1_61' title='bbox 1434 1133 1537 1234; x_wconf 78' lang='lat' dir='ltr'>regia</span> <span class='ocrx_word' id='word_1_62' title='bbox 1561 1147 1687 1212; x_wconf 86' lang='lat' dir='ltr'>nestra</span> <span class='ocrx_word' id='word_1_63' title='bbox 1711 1139 1869 1214; x_wconf 66' lang='lat' dir='ltr'>ancori-</span> 
     </span>
     <span class='ocr_line' id='line_1_7' title="bbox 186 1237 1870 1342; baseline 0.001 -25"><span class='ocrx_word' id='word_1_64' title='bbox 186 1253 262 1317; x_wconf 87' lang='lat' dir='ltr'>tate</span> <span class='ocrx_word' id='word_1_65' title='bbox 287 1241 322 1316; x_wconf 93' lang='lat' dir='ltr'>in</span> <span class='ocrx_word' id='word_1_66' title='bbox 348 1240 508 1316; x_wconf 90' lang='lat' dir='ltr'>omnibns</span> <span class='ocrx_word' id='word_1_67' title='bbox 536 1249 573 1316; x_wconf 93' lang='lat' dir='ltr'>et</span> <span class='ocrx_word' id='word_1_68' title='bbox 596 1263 663 1342; x_wconf 92' lang='lat' dir='ltr'>per</span> <span class='ocrx_word' id='word_1_69' title='bbox 688 1237 805 1316; x_wconf 76' lang='lat' dir='ltr'>omitia</span> <span class='ocrx_word' id='word_1_70' title='bbox 828 1239 1078 1340; x_wconf 69' lang='lat' dir='ltr'>approbamus,</span> <span class='ocrx_word' id='word_1_71' title='bbox 1097 1237 1319 1314; x_wconf 71' lang='lat' dir='ltr'>ratificamus</span> <span class='ocrx_word' id='word_1_72' title='bbox 1337 1262 1383 1314; x_wconf 85' lang='lat' dir='ltr'>ac</span> <span class='ocrx_word' id='word_1_73' title='bbox 1400 1241 1628 1340; x_wconf 73' lang='lat' dir='ltr'>presentibus</span> <span class='ocrx_word' id='word_1_74' title='bbox 1652 1241 1780 1317; x_wconf 82' lang='lat' dir='ltr'>litteris</span> <span class='ocrx_word' id='word_1_75' title='bbox 1802 1267 1870 1318; x_wconf 91' lang='lat' dir='ltr'>no·</span> 
     </span>
     <span class='ocr_line' id='line_1_8' title="bbox 30 1341 2013 1444; baseline 0.001 -23"><span class='ocrx_word' id='word_1_76' title='bbox 30 1379 33 1391; x_wconf 90' lang='lat'><em>·</em></span> <span class='ocrx_word' id='word_1_77' title='bbox 186 1346 273 1421; x_wconf 89' lang='lat' dir='ltr'>stris</span> <span class='ocrx_word' id='word_1_78' title='bbox 297 1345 333 1420; x_wconf 91' lang='lat' dir='ltr'>in</span> <span class='ocrx_word' id='word_1_79' title='bbox 360 1345 519 1420; x_wconf 84' lang='lat' dir='ltr'>omnibns</span> <span class='ocrx_word' id='word_1_80' title='bbox 544 1342 738 1436; x_wconf 84' lang='lat' dir='ltr'>clausulis,</span> <span class='ocrx_word' id='word_1_81' title='bbox 765 1341 926 1418; x_wconf 71' lang='lat' dir='ltr'>articulis</span> <span class='ocrx_word' id='word_1_82' title='bbox 953 1355 991 1419; x_wconf 84' lang='lat' dir='ltr'>ct</span> <span class='ocrx_word' id='word_1_83' title='bbox 1015 1341 1157 1443; x_wconf 89' lang='lat' dir='ltr'>punctis</span> <span class='ocrx_word' id='word_1_84' title='bbox 1182 1351 1356 1444; x_wconf 88' lang='lat' dir='ltr'>perpetuo</span> <span class='ocrx_word' id='word_1_85' title='bbox 1383 1343 1649 1436; x_wconf 74' lang='lat' dir='ltr'>confirmamus,</span> <span class='ocrx_word' id='word_1_86' title='bbox 1674 1346 1727 1420; x_wconf 80' lang='lat' dir='ltr'>ita</span> <span class='ocrx_word' id='word_1_87' title='bbox 1752 1357 1790 1421; x_wconf 91' lang='lat' dir='ltr'>et</span> <span class='ocrx_word' id='word_1_88' title='bbox 1811 1357 1869 1422; x_wconf 86' lang='lat' dir='ltr'>ta-</span> <span class='ocrx_word' id='word_1_89' title='bbox 2008 1369 2013 1381; x_wconf 72' lang='grc'><em>’</em></span> 
     </span>
    </p>

    <p class='ocr_par' dir='ltr' id='par_1_3' title="bbox 184 1443 1997 2896">
     <span class='ocr_line' id='line_1_9' title="bbox 185 1443 1871 1550; baseline 0 -26"><span class='ocrx_word' id='word_1_90' title='bbox 185 1449 279 1542; x_wconf 87' lang='lat' dir='ltr'>liter,</span> <span class='ocrx_word' id='word_1_91' title='bbox 305 1447 417 1524; x_wconf 86' lang='lat' dir='ltr'>veluti</span> <span class='ocrx_word' id='word_1_92' title='bbox 443 1445 491 1523; x_wconf 94' lang='lat' dir='ltr'>de</span> <span class='ocrx_word' id='word_1_93' title='bbox 516 1447 627 1522; x_wconf 83' lang='lat' dir='ltr'>verbo</span> <span class='ocrx_word' id='word_1_94' title='bbox 653 1443 702 1522; x_wconf 88' lang='lat' dir='ltr'>ad</span> <span class='ocrx_word' id='word_1_95' title='bbox 727 1447 873 1524; x_wconf 86' lang='lat' dir='ltr'>verbnm</span> <span class='ocrx_word' id='word_1_96' title='bbox 897 1446 956 1521; x_wconf 90' lang='lat' dir='ltr'>bis</span> <span class='ocrx_word' id='word_1_97' title='bbox 980 1446 1110 1522; x_wconf 86' lang='lat' dir='ltr'>litteris</span> <span class='ocrx_word' id='word_1_98' title='bbox 1135 1446 1268 1520; x_wconf 91' lang='lat' dir='ltr'>nostris</span> <span class='ocrx_word' id='word_1_99' title='bbox 1295 1457 1423 1522; x_wconf 74' lang='lat' dir='ltr'>essent</span> <span class='ocrx_word' id='word_1_100' title='bbox 1446 1445 1594 1540; x_wconf 88' lang='lat' dir='ltr'>inserta,</span> <span class='ocrx_word' id='word_1_101' title='bbox 1625 1449 1871 1550; x_wconf 77' lang='lat' dir='ltr'>promittentes</span> 
     </span>
     <span class='ocr_line' id='line_1_10' title="bbox 185 1547 1871 1656; baseline 0 -28"><span class='ocrx_word' id='word_1_102' title='bbox 185 1577 251 1656; x_wconf 92' lang='lat' dir='ltr'>pro</span> <span class='ocrx_word' id='word_1_103' title='bbox 277 1551 381 1627; x_wconf 88' lang='lat' dir='ltr'>nobis</span> <span class='ocrx_word' id='word_1_104' title='bbox 407 1563 445 1628; x_wconf 88' lang='lat' dir='ltr'>et</span> <span class='ocrx_word' id='word_1_105' title='bbox 470 1551 748 1626; x_wconf 89' lang='lat' dir='ltr'>successoribus</span> <span class='ocrx_word' id='word_1_106' title='bbox 774 1549 907 1625; x_wconf 85' lang='lat' dir='ltr'>nostris</span> <span class='ocrx_word' id='word_1_107' title='bbox 933 1551 1080 1650; x_wconf 75' lang='lat' dir='ltr'>regibus</span> <span class='ocrx_word' id='word_1_108' title='bbox 1105 1550 1288 1626; x_wconf 85' lang='lat' dir='ltr'>lloenie</span> <span class='ocrx_word' id='word_1_109' title='bbox 1314 1560 1352 1626; x_wconf 91' lang='lat' dir='ltr'>et</span> <span class='ocrx_word' id='word_1_110' title='bbox 1377 1547 1528 1626; x_wconf 89' lang='lat' dir='ltr'>ducibus</span> <span class='ocrx_word' id='word_1_111' title='bbox 1553 1549 1729 1646; x_wconf 83' lang='lat' dir='ltr'>Slesie‚</span> <span class='ocrx_word' id='word_1_112' title='bbox 1755 1553 1871 1630; x_wconf 85' lang='lat' dir='ltr'>omnia</span> 
     </span>
     <span class='ocr_line' id='line_1_11' title="bbox 186 1649 1870 1756; baseline 0.001 -25"><span class='ocrx_word' id='word_1_113' title='bbox 186 1659 221 1731; x_wconf 92' lang='lat' dir='ltr'>in</span> <span class='ocrx_word' id='word_1_114' title='bbox 246 1655 319 1730; x_wconf 92' lang='lat' dir='ltr'>illis</span> <span class='ocrx_word' id='word_1_115' title='bbox 343 1655 472 1730; x_wconf 89' lang='lat' dir='ltr'>litteris</span> <span class='ocrx_word' id='word_1_116' title='bbox 498 1654 740 1755; x_wconf 87' lang='lat' dir='ltr'>prenominata</span> <span class='ocrx_word' id='word_1_117' title='bbox 767 1649 961 1730; x_wconf 81' lang='lat' dir='ltr'>concordie</span> <span class='ocrx_word' id='word_1_118' title='bbox 993 1663 1163 1730; x_wconf 88' lang='lat' dir='ltr'>contenta</span> <span class='ocrx_word' id='word_1_119' title='bbox 1193 1653 1337 1730; x_wconf 87' lang='lat' dir='ltr'>firmiter</span> <span class='ocrx_word' id='word_1_120' title='bbox 1363 1663 1401 1729; x_wconf 91' lang='lat' dir='ltr'>et</span> <span class='ocrx_word' id='word_1_121' title='bbox 1426 1651 1475 1729; x_wconf 84' lang='lat' dir='ltr'>ad</span> <span class='ocrx_word' id='word_1_122' title='bbox 1506 1653 1647 1756; x_wconf 91' lang='lat' dir='ltr'>plenum</span> <span class='ocrx_word' id='word_1_123' title='bbox 1660 1657 1870 1752; x_wconf 26' lang='lat' dir='ltr'>&#39;observare</span> 
     </span>
     <span class='ocr_line' id='line_1_12' title="bbox 185 1755 1870 1860; baseline -0.001 -22"><span class='ocrx_word' id='word_1_124' title='bbox 185 1771 440 1857; x_wconf 67' lang='lat' dir='ltr'>aeneumque</span> <span class='ocrx_word' id='word_1_125' title='bbox 467 1769 596 1832; x_wconf 86' lang='lat' dir='ltr'>statum</span> <span class='ocrx_word' id='word_1_126' title='bbox 621 1757 657 1832; x_wconf 93' lang='lat' dir='ltr'>in</span> <span class='ocrx_word' id='word_1_127' title='bbox 684 1757 843 1832; x_wconf 88' lang='lat' dir='ltr'>omnibus</span> <span class='ocrx_word' id='word_1_128' title='bbox 870 1769 907 1833; x_wconf 88' lang='lat' dir='ltr'>et</span> <span class='ocrx_word' id='word_1_129' title='bbox 932 1757 1107 1858; x_wconf 54' lang='lat' dir='ltr'>magalia·</span> <span class='ocrx_word' id='word_1_130' title='bbox 1131 1767 1236 1860; x_wconf 84' lang='lat' dir='ltr'>prout</span> <span class='ocrx_word' id='word_1_131' title='bbox 1266 1755 1341 1834; x_wconf 94' lang='lat' dir='ltr'>illic</span> <span class='ocrx_word' id='word_1_132' title='bbox 1367 1781 1549 1859; x_wconf 85' lang='lat' dir='ltr'>expressa</span> <span class='ocrx_word' id='word_1_133' title='bbox 1574 1770 1674 1852; x_wconf 86' lang='lat' dir='ltr'>sunt,</span> <span class='ocrx_word' id='word_1_134' title='bbox 1708 1771 1870 1838; x_wconf 88' lang='lat' dir='ltr'>manute-</span> 
     </span>
     <span class='ocr_line' id='line_1_13' title="bbox 185 1857 1871 1962; baseline 0.001 -23"><span class='ocrx_word' id='word_1_135' title='bbox 185 1886 275 1939; x_wconf 89' lang='lat' dir='ltr'>nere</span> <span class='ocrx_word' id='word_1_136' title='bbox 300 1861 415 1952; x_wconf 85' lang='lat' dir='ltr'>velle,</span> <span class='ocrx_word' id='word_1_137' title='bbox 447 1858 661 1937; x_wconf 86' lang='lat' dir='ltr'>mandantes</span> <span class='ocrx_word' id='word_1_138' title='bbox 694 1857 848 1936; x_wconf 86' lang='lat' dir='ltr'>subditis</span> <span class='ocrx_word' id='word_1_139' title='bbox 880 1861 1012 1935; x_wconf 87' lang='lat' dir='ltr'>nostris</span> <span class='ocrx_word' id='word_1_140' title='bbox 1046 1861 1205 1936; x_wconf 90' lang='lat' dir='ltr'>omnibus</span> <span class='ocrx_word' id='word_1_141' title='bbox 1230 1885 1296 1962; x_wconf 91' lang='lat' dir='ltr'>per</span> <span class='ocrx_word' id='word_1_142' title='bbox 1321 1859 1495 1962; x_wconf 82' lang='lat' dir='ltr'>prelatum</span> <span class='ocrx_word' id='word_1_143' title='bbox 1522 1859 1688 1939; x_wconf 88' lang='lat' dir='ltr'>ducatum</span> <span class='ocrx_word' id='word_1_144' title='bbox 1715 1874 1871 1940; x_wconf 87' lang='lat' dir='ltr'>nostrum</span> 
     </span>
     <span class='ocr_line' id='line_1_14' title="bbox 188 1961 1872 2066; baseline 0 -24"><span class='ocrx_word' id='word_1_145' title='bbox 188 1966 335 2042; x_wconf 80' lang='lat' dir='ltr'>ubilibet</span> <span class='ocrx_word' id='word_1_146' title='bbox 359 1965 582 2058; x_wconf 77' lang='lat' dir='ltr'>consitutis,</span> <span class='ocrx_word' id='word_1_147' title='bbox 616 1967 873 2064; x_wconf 64' lang='lat' dir='ltr'>ctrinscrnnune</span> <span class='ocrx_word' id='word_1_148' title='bbox 900 1961 1103 2064; x_wconf 78' lang='lat' dir='ltr'>dignitatis,</span> <span class='ocrx_word' id='word_1_149' title='bbox 1138 1963 1391 2066; x_wconf 83' lang='lat' dir='ltr'>proeminentie</span> <span class='ocrx_word' id='word_1_150' title='bbox 1416 1975 1456 2042; x_wconf 86' lang='lat' dir='ltr'>et</span> <span class='ocrx_word' id='word_1_151' title='bbox 1478 1975 1598 2042; x_wconf 75' lang='lat' dir='ltr'>uatus</span> <span class='ocrx_word' id='word_1_152' title='bbox 1624 1967 1800 2060; x_wconf 59' lang='lat' dir='ltr'>erubunt,</span> <span class='ocrx_word' id='word_1_153' title='bbox 1830 1979 1872 2042; x_wconf 85' lang='lat' dir='ltr'>ut</span> 
     </span>
     <span class='ocr_line' id='line_1_15' title="bbox 186 2067 1871 2172; baseline 0.002 -28"><span class='ocrx_word' id='word_1_154' title='bbox 186 2069 330 2172; x_wconf 78' lang='lat' dir='ltr'>prefate</span> <span class='ocrx_word' id='word_1_155' title='bbox 357 2067 568 2162; x_wconf 90' lang='lat' dir='ltr'>concordie,</span> <span class='ocrx_word' id='word_1_156' title='bbox 601 2069 696 2146; x_wconf 89' lang='lat' dir='ltr'>sicut</span> <span class='ocrx_word' id='word_1_157' title='bbox 720 2067 930 2170; x_wconf 90' lang='lat' dir='ltr'>premissum</span> <span class='ocrx_word' id='word_1_158' title='bbox 957 2080 1118 2170; x_wconf 66' lang='lat' dir='ltr'>ast‚,per</span> <span class='ocrx_word' id='word_1_159' title='bbox 1142 2069 1406 2170; x_wconf 88' lang='lat' dir='ltr'>prenominatos</span> <span class='ocrx_word' id='word_1_160' title='bbox 1438 2069 1702 2146; x_wconf 86' lang='lat' dir='ltr'>commissarios</span> <span class='ocrx_word' id='word_1_161' title='bbox 1727 2081 1871 2147; x_wconf 85' lang='lat' dir='ltr'>nostros</span> 
     </span>
     <span class='ocr_line' id='line_1_16' title="bbox 186 2171 1973 2276; baseline 0.002 -28"><span class='ocrx_word' id='word_1_162' title='bbox 186 2175 300 2267; x_wconf 80' lang='lat' dir='ltr'>lacte,</span> <span class='ocrx_word' id='word_1_163' title='bbox 326 2199 393 2276; x_wconf 89' lang='lat' dir='ltr'>per</span> <span class='ocrx_word' id='word_1_164' title='bbox 418 2196 555 2274; x_wconf 87' lang='lat' dir='ltr'>nosque</span> <span class='ocrx_word' id='word_1_165' title='bbox 581 2196 628 2249; x_wconf 90' lang='lat' dir='ltr'>ac</span> <span class='ocrx_word' id='word_1_166' title='bbox 653 2183 846 2276; x_wconf 83' lang='lat' dir='ltr'>presentes</span> <span class='ocrx_word' id='word_1_167' title='bbox 863 2171 1002 2248; x_wconf 88' lang='lat' dir='ltr'>litteras</span> <span class='ocrx_word' id='word_1_168' title='bbox 1028 2173 1195 2247; x_wconf 90' lang='lat' dir='ltr'>roborate</span> <span class='ocrx_word' id='word_1_169' title='bbox 1221 2183 1329 2270; x_wconf 87' lang='lat' dir='ltr'>atque</span> <span class='ocrx_word' id='word_1_170' title='bbox 1352 2171 1570 2267; x_wconf 88' lang='lat' dir='ltr'>confirmate,</span> <span class='ocrx_word' id='word_1_171' title='bbox 1597 2173 1632 2248; x_wconf 90' lang='lat' dir='ltr'>in</span> <span class='ocrx_word' id='word_1_172' title='bbox 1657 2173 1754 2250; x_wconf 88' lang='lat' dir='ltr'>nullo</span> <span class='ocrx_word' id='word_1_173' title='bbox 1781 2199 1870 2251; x_wconf 90' lang='lat' dir='ltr'>con·</span> <span class='ocrx_word' id='word_1_174' title='bbox 1972 2221 1973 2224; x_wconf 17' lang='grc' dir='ltr'><strong><em>κ</em></strong></span> 
     </span>
     <span class='ocr_line' id='line_1_17' title="bbox 187 2275 1870 2380; baseline 0.001 -26"><span class='ocrx_word' id='word_1_175' title='bbox 187 2275 405 2368; x_wconf 66' lang='lat' dir='ltr'>deveniant,</span> <span class='ocrx_word' id='word_1_176' title='bbox 431 2299 553 2351; x_wconf 84' lang='lat' dir='ltr'>verum</span> <span class='ocrx_word' id='word_1_177' title='bbox 578 2275 699 2376; x_wconf 85' lang='lat' dir='ltr'>potius</span> <span class='ocrx_word' id='word_1_178' title='bbox 721 2279 831 2376; x_wconf 85' lang='lat' dir='ltr'>juxte</span> <span class='ocrx_word' id='word_1_179' title='bbox 855 2275 970 2376; x_wconf 87' lang='lat' dir='ltr'>ipsius</span> <span class='ocrx_word' id='word_1_180' title='bbox 996 2275 1245 2353; x_wconf 85' lang='lat' dir='ltr'>continentiam</span> <span class='ocrx_word' id='word_1_181' title='bbox 1268 2275 1303 2350; x_wconf 93' lang='lat' dir='ltr'>in</span> <span class='ocrx_word' id='word_1_182' title='bbox 1330 2275 1489 2352; x_wconf 90' lang='lat' dir='ltr'>omnibns</span> <span class='ocrx_word' id='word_1_183' title='bbox 1516 2275 1690 2353; x_wconf 81' lang='lat' dir='ltr'>clausulis</span> <span class='ocrx_word' id='word_1_184' title='bbox 1718 2288 1755 2355; x_wconf 86' lang='lat' dir='ltr'>et</span> <span class='ocrx_word' id='word_1_185' title='bbox 1779 2305 1870 2380; x_wconf 89' lang='lat' dir='ltr'>pnn-</span> 
     </span>
     <span class='ocr_line' id='line_1_18' title="bbox 187 2377 1870 2482; baseline 0.001 -25"><span class='ocrx_word' id='word_1_186' title='bbox 187 2382 260 2458; x_wconf 90' lang='lat' dir='ltr'>ctis</span> <span class='ocrx_word' id='word_1_187' title='bbox 287 2389 325 2456; x_wconf 91' lang='lat' dir='ltr'>et</span> <span class='ocrx_word' id='word_1_188' title='bbox 349 2379 509 2455; x_wconf 90' lang='lat' dir='ltr'>articulis</span> <span class='ocrx_word' id='word_1_189' title='bbox 535 2391 759 2478; x_wconf 86' lang='lat' dir='ltr'>exequantur</span> <span class='ocrx_word' id='word_1_190' title='bbox 783 2390 890 2478; x_wconf 87' lang='lat' dir='ltr'>atque</span> <span class='ocrx_word' id='word_1_191' title='bbox 916 2377 1151 2480; x_wconf 88' lang='lat' dir='ltr'>adimpleant,</span> <span class='ocrx_word' id='word_1_192' title='bbox 1177 2379 1229 2454; x_wconf 90' lang='lat' dir='ltr'>ita</span> <span class='ocrx_word' id='word_1_193' title='bbox 1253 2391 1357 2479; x_wconf 91' lang='lat' dir='ltr'>prout</span> <span class='ocrx_word' id='word_1_194' title='bbox 1382 2381 1678 2458; x_wconf 80' lang='lat' dir='ltr'>controfatientes</span> <span class='ocrx_word' id='word_1_195' title='bbox 1702 2380 1870 2482; x_wconf 84' lang='lat' dir='ltr'>indigna·</span> 
     </span>
     <span class='ocr_line' id='line_1_19' title="bbox 186 2481 1870 2584; baseline 0.001 -24"><span class='ocrx_word' id='word_1_196' title='bbox 186 2485 319 2561; x_wconf 89' lang='lat' dir='ltr'>tionem</span> <span class='ocrx_word' id='word_1_197' title='bbox 345 2493 501 2558; x_wconf 87' lang='lat' dir='ltr'>nostram</span> <span class='ocrx_word' id='word_1_198' title='bbox 526 2483 661 2582; x_wconf 82' lang='lat' dir='ltr'>regiam</span> <span class='ocrx_word' id='word_1_199' title='bbox 686 2482 810 2558; x_wconf 80' lang='lat' dir='ltr'>volunt</span> <span class='ocrx_word' id='word_1_200' title='bbox 836 2492 873 2558; x_wconf 88' lang='lat' dir='ltr'>ct</span> <span class='ocrx_word' id='word_1_201' title='bbox 898 2484 1042 2584; x_wconf 90' lang='lat' dir='ltr'>cupiunt</span> <span class='ocrx_word' id='word_1_202' title='bbox 1067 2483 1217 2560; x_wconf 71' lang='lat' dir='ltr'>euitare.</span> <span class='ocrx_word' id='word_1_203' title='bbox 1251 2481 1291 2556; x_wconf 92' lang='lat' dir='ltr'>ln</span> <span class='ocrx_word' id='word_1_204' title='bbox 1311 2485 1416 2581; x_wconf 90' lang='lat' dir='ltr'>cujus</span> <span class='ocrx_word' id='word_1_205' title='bbox 1443 2483 1495 2560; x_wconf 90' lang='lat' dir='ltr'>rei</span> <span class='ocrx_word' id='word_1_206' title='bbox 1521 2482 1627 2562; x_wconf 79' lang='lat' dir='ltr'>fidem</span> <span class='ocrx_word' id='word_1_207' title='bbox 1651 2485 1870 2562; x_wconf 81' lang='lat' dir='ltr'>firmitatem-</span> 
     </span>
     <span class='ocr_line' id='line_1_20' title="bbox 186 2581 1997 2690; baseline 0.001 -27"><span class='ocrx_word' id='word_1_208' title='bbox 186 2611 259 2688; x_wconf 86' lang='lat' dir='ltr'>que</span> <span class='ocrx_word' id='word_1_209' title='bbox 291 2597 498 2690; x_wconf 89' lang='lat' dir='ltr'>perpetuam</span> <span class='ocrx_word' id='word_1_210' title='bbox 528 2597 722 2689; x_wconf 83' lang='lat' dir='ltr'>presentes</span> <span class='ocrx_word' id='word_1_211' title='bbox 755 2585 895 2662; x_wconf 87' lang='lat' dir='ltr'>litteras</span> <span class='ocrx_word' id='word_1_212' title='bbox 924 2585 1004 2662; x_wconf 87' lang='lat' dir='ltr'>lieri</span> <span class='ocrx_word' id='word_1_213' title='bbox 1037 2609 1083 2662; x_wconf 90' lang='lat' dir='ltr'>ac</span> <span class='ocrx_word' id='word_1_214' title='bbox 1113 2583 1261 2684; x_wconf 88' lang='lat' dir='ltr'>majoris</span> <span class='ocrx_word' id='word_1_215' title='bbox 1292 2581 1403 2685; x_wconf 83' lang='lat' dir='ltr'>sigilli</span> <span class='ocrx_word' id='word_1_216' title='bbox 1435 2587 1565 2681; x_wconf 88' lang='lat' dir='ltr'>nostri,</span> <span class='ocrx_word' id='word_1_217' title='bbox 1601 2613 1670 2688; x_wconf 85' lang='lat' dir='ltr'>quo</span> <span class='ocrx_word' id='word_1_218' title='bbox 1703 2599 1871 2690; x_wconf 84' lang='lat' dir='ltr'>tanquam</span> <span class='ocrx_word' id='word_1_219' title='bbox 1996 2653 1997 2656; x_wconf 12' lang='lat' dir='ltr'>a</span> 
     </span>
     <span class='ocr_line' id='line_1_21' title="bbox 184 2687 1869 2792; baseline 0.001 -24"><span class='ocrx_word' id='word_1_220' title='bbox 184 2691 418 2790; x_wconf 80' lang='lat' dir='ltr'>Hungarie</span> <span class='ocrx_word' id='word_1_221' title='bbox 436 2701 474 2766; x_wconf 90' lang='lat' dir='ltr'>et</span> <span class='ocrx_word' id='word_1_222' title='bbox 490 2691 667 2766; x_wconf 89' lang='lat' dir='ltr'>Boemie</span> <span class='ocrx_word' id='word_1_223' title='bbox 693 2713 761 2766; x_wconf 88' lang='lat' dir='ltr'>rex</span> <span class='ocrx_word' id='word_1_224' title='bbox 785 2689 922 2782; x_wconf 87' lang='lat' dir='ltr'>utimur,</span> <span class='ocrx_word' id='word_1_225' title='bbox 949 2689 1171 2792; x_wconf 76' lang='lat' dir='ltr'>appensione</span> <span class='ocrx_word' id='word_1_226' title='bbox 1186 2687 1310 2764; x_wconf 85' lang='lat' dir='ltr'>muniri</span> <span class='ocrx_word' id='word_1_227' title='bbox 1325 2689 1564 2791; x_wconf 76' lang='lat' dir='ltr'>precepimus.</span> <span class='ocrx_word' id='word_1_228' title='bbox 1596 2690 1716 2768; x_wconf 80' lang='lat' dir='ltr'>llatae</span> <span class='ocrx_word' id='word_1_229' title='bbox 1733 2691 1869 2788; x_wconf 88' lang='lat' dir='ltr'>Bnde,</span> 
     </span>
     <span class='ocr_line' id='line_1_22' title="bbox 184 2791 1950 2896; baseline 0.003 -24"><span class='ocrx_word' id='word_1_230' title='bbox 184 2793 331 2872; x_wconf 55' lang='lat' dir='ltr'>heina</span> <span class='ocrx_word' id='word_1_231' title='bbox 355 2803 488 2873; x_wconf 86' lang='lat' dir='ltr'>octava</span> <span class='ocrx_word' id='word_1_232' title='bbox 504 2791 565 2870; x_wconf 90' lang='lat' dir='ltr'>die</span> <span class='ocrx_word' id='word_1_233' title='bbox 582 2793 717 2870; x_wconf 88' lang='lat' dir='ltr'>mensis</span> <span class='ocrx_word' id='word_1_234' title='bbox 734 2793 933 2886; x_wconf 72' lang='lat' dir='ltr'>Februarii,</span> <span class='ocrx_word' id='word_1_235' title='bbox 960 2817 1052 2869; x_wconf 90' lang='lat' dir='ltr'>anno</span> <span class='ocrx_word' id='word_1_236' title='bbox 1070 2791 1207 2871; x_wconf 83' lang='lat' dir='ltr'>Christi</span> <span class='ocrx_word' id='word_1_237' title='bbox 1230 2791 1416 2870; x_wconf 84' lang='lat' dir='ltr'>millesimo</span> <span class='ocrx_word' id='word_1_238' title='bbox 1432 2795 1716 2894; x_wconf 81' lang='lat' dir='ltr'>quingentesimo</span> <span class='ocrx_word' id='word_1_239' title='bbox 1734 2809 1870 2896; x_wconf 69' lang='lat' dir='ltr'>quarm,</span> <span class='ocrx_word' id='word_1_240' title='bbox 1948 2875 1950 2878; x_wconf 83' lang='lat'>.</span> 
     </span>
    </p>

    <p class='ocr_par' dir='ltr' id='par_1_4' title="bbox 79 2893 1871 3080">
     <span class='ocr_line' id='line_1_23' title="bbox 79 2893 1871 2999; baseline 0 -23"><span class='ocrx_word' id='word_1_241' title='bbox 79 2893 87 2910; x_wconf 84' lang='lat'>&#39;</span> <span class='ocrx_word' id='word_1_242' title='bbox 184 2923 376 2999; x_wconf 82' lang='lat' dir='ltr'>regnorum</span> <span class='ocrx_word' id='word_1_243' title='bbox 401 2907 520 2974; x_wconf 89' lang='lat' dir='ltr'>antem</span> <span class='ocrx_word' id='word_1_244' title='bbox 549 2907 764 2992; x_wconf 89' lang='lat' dir='ltr'>nostrornm,</span> <span class='ocrx_word' id='word_1_245' title='bbox 791 2896 1021 2997; x_wconf 77' lang='lat' dir='ltr'>Hungarie</span> <span class='ocrx_word' id='word_1_246' title='bbox 1053 2893 1336 2998; x_wconf 86' lang='lat' dir='ltr'>quartodecimo,</span> <span class='ocrx_word' id='word_1_247' title='bbox 1369 2897 1551 2974; x_wconf 88' lang='lat' dir='ltr'>Boemie</span> <span class='ocrx_word' id='word_1_248' title='bbox 1575 2909 1664 2976; x_wconf 82' lang='lat' dir='ltr'>vero</span> <span class='ocrx_word' id='word_1_249' title='bbox 1688 2901 1871 2976; x_wconf 85' lang='lat' dir='ltr'>tricesimo</span> 
     </span>
     <span class='ocr_line' id='line_1_24' title="bbox 183 3003 306 3080; baseline -0.033 0"><span class='ocrx_word' id='word_1_250' title='bbox 183 3003 306 3080; x_wconf 83' lang='lat' dir='ltr'>tertio.</span> 
     </span>
    </p>

    <p class='ocr_par' dir='ltr' id='par_1_5' title="bbox 240 3099 1867 3207">
     <span class='ocr_line' id='line_1_25' title="bbox 240 3099 1867 3207; baseline 0.001 -28"><span class='ocrx_word' id='word_1_251' title='bbox 240 3153 246 3166; x_wconf 90' lang='lat'><strong>·</strong></span> <span class='ocrx_word' id='word_1_252' title='bbox 291 3102 355 3179; x_wconf 81' lang='lat' dir='ltr'>Ad</span> <span class='ocrx_word' id='word_1_253' title='bbox 380 3103 596 3181; x_wconf 80' lang='lat' dir='ltr'>relacionem</span> <span class='ocrx_word' id='word_1_254' title='bbox 630 3102 810 3201; x_wconf 74' lang='lat' dir='ltr'>magnifici</span> <span class='ocrx_word' id='word_1_255' title='bbox 841 3101 971 3178; x_wconf 91' lang='lat' dir='ltr'>domini</span> <span class='ocrx_word' id='word_1_256' title='bbox 996 3102 1173 3179; x_wconf 82' lang='lat' dir='ltr'>Alberti</span> <span class='ocrx_word' id='word_1_257' title='bbox 1200 3099 1249 3179; x_wconf 89' lang='lat' dir='ltr'>de</span> <span class='ocrx_word' id='word_1_258' title='bbox 1274 3101 1513 3180; x_wconf 84' lang='lat' dir='ltr'>Kolcwrat</span> <span class='ocrx_word' id='word_1_259' title='bbox 1543 3115 1581 3180; x_wconf 92' lang='lat' dir='ltr'>et</span> <span class='ocrx_word' id='word_1_260' title='bbox 1605 3105 1867 3207; x_wconf 73' lang='lat' dir='ltr'>Lybssteim</span> 
     </span>
    </p>

    <p class='ocr_par' dir='ltr' id='par_1_6' title="bbox 183 3206 1040 3312">
     <span class='ocr_line' id='line_1_26' title="bbox 183 3206 1040 3312; baseline -0.007 -26"><span class='ocrx_word' id='word_1_261' title='bbox 183 3209 345 3312; x_wconf 75' lang='lat' dir='ltr'>supremi</span> <span class='ocrx_word' id='word_1_262' title='bbox 372 3207 580 3285; x_wconf 85' lang='lat' dir='ltr'>cancellarii</span> <span class='ocrx_word' id='word_1_263' title='bbox 606 3208 708 3306; x_wconf 80' lang='lat' dir='ltr'>regni</span> <span class='ocrx_word' id='word_1_264' title='bbox 730 3206 941 3283; x_wconf 88' lang='lat' dir='ltr'>Bnbemie</span> <span class='ocrx_word' id='word_1_265' title='bbox 968 3217 1040 3284; x_wconf 89' lang='lat' dir='ltr'>etc.</span> 
     </span>
    </p>
   </div>
   <div class='ocr_carea' id='block_1_3' title="bbox 924 3647 1146 3740">
    <p class='ocr_par' dir='ltr' id='par_1_7' title="bbox 924 3581 1146 3740">
     <span class='ocr_line' id='line_1_27' title="bbox 924 3647 1146 3740; baseline -0.018 -2"><span class='ocrx_word' id='word_1_266' title='bbox 924 3647 1146 3740; x_wconf 82' lang='lat' dir='ltr'>cccxn.</span> 
     </span>
    </p>
   </div>
   <div class='ocr_carea' id='block_1_4' title="bbox 219 3809 1942 4023">
    <p class='ocr_par' dir='ltr' id='par_1_8' title="bbox 219 3809 1942 4023">
     <span class='ocr_line' id='line_1_28' title="bbox 219 3809 1942 3938; baseline -0.001 -18"><span class='ocrx_word' id='word_1_267' title='bbox 219 3861 313 3936; x_wconf 73' lang='lat' dir='ltr'>Paptt</span> <span class='ocrx_word' id='word_1_268' title='bbox 332 3857 429 3919; x_wconf 76' lang='lat' dir='ltr'>talita</span> <span class='ocrx_word' id='word_1_269' title='bbox 450 3858 485 3918; x_wconf 88' lang='lat'>11.</span> <span class='ocrx_word' id='word_1_270' title='bbox 507 3857 651 3920; x_wconf 77' lang='lat' dir='ltr'>rrrlttttt</span> <span class='ocrx_word' id='word_1_271' title='bbox 671 3859 724 3919; x_wconf 79' lang='lat' dir='ltr'>tor</span> <span class='ocrx_word' id='word_1_272' title='bbox 744 3857 828 3919; x_wconf 82' lang='lat' dir='ltr'>ttatt</span> <span class='ocrx_word' id='word_1_273' title='bbox 847 3857 976 3930; x_wconf 75' lang='lat' dir='ltr'>breslau,</span> <span class='ocrx_word' id='word_1_274' title='bbox 999 3871 1036 3920; x_wconf 84' lang='lat' dir='ltr'>u</span> <span class='ocrx_word' id='word_1_275' title='bbox 1057 3859 1109 3920; x_wconf 79' lang='lat' dir='ltr'>ur</span> <span class='ocrx_word' id='word_1_276' title='bbox 1129 3859 1406 3938; x_wconf 63' lang='lat' dir='ltr'>testamcutum</span> <span class='ocrx_word' id='word_1_277' title='bbox 1426 3863 1478 3924; x_wconf 75' lang='lat' dir='ltr'>tor</span> <span class='ocrx_word' id='word_1_278' title='bbox 1500 3861 1680 3925; x_wconf 72' lang='lat' dir='ltr'>bruneam</span> <span class='ocrx_word' id='word_1_279' title='bbox 1701 3861 1733 3922; x_wconf 87' lang='lat' dir='ltr'>tr</span> <span class='ocrx_word' id='word_1_280' title='bbox 1754 3862 1843 3924; x_wconf 80' lang='lat' dir='ltr'>tarta</span> <span class='ocrx_word' id='word_1_281' title='bbox 1908 3809 1909 3818; x_wconf 8' lang='grc' dir='ltr'>ἵ</span> <span class='ocrx_word' id='word_1_282' title='bbox 1939 3908 1942 3919; x_wconf 97' lang='grc'>.</span> 
     </span>
     <span class='ocr_line' id='line_1_29' title="bbox 783 3959 1284 4023; baseline 0.004 -3"><span class='ocrx_word' id='word_1_283' title='bbox 783 3961 970 4022; x_wconf 73' lang='lat' dir='ltr'>armemur</span> <span class='ocrx_word' id='word_1_284' title='bbox 991 3959 1073 4023; x_wconf 71' lang='lat' dir='ltr'>mett</span> <span class='ocrx_word' id='word_1_285' title='bbox 1095 3975 1132 4022; x_wconf 82' lang='lat' dir='ltr'>ru</span> <span class='ocrx_word' id='word_1_286' title='bbox 1153 3961 1284 4022; x_wconf 70' lang='lat' dir='ltr'>nemer.</span> 
     </span>
    </p>
   </div>
   <div class='ocr_carea' id='block_1_5' title="bbox 252 4111 1806 4268">
    <p class='ocr_par' dir='ltr' id='par_1_9' title="bbox 252 4111 1806 4268">
     <span class='ocr_line' id='line_1_30' title="bbox 252 4111 1806 4184; baseline 0.003 -22"><span class='ocrx_word' id='word_1_287' title='bbox 252 4114 313 4162; x_wconf 78' lang='lat' dir='ltr'>Ar·</span> <span class='ocrx_word' id='word_1_288' title='bbox 331 4114 390 4164; x_wconf 78' lang='lat' dir='ltr'>den</span> <span class='ocrx_word' id='word_1_289' title='bbox 407 4111 540 4180; x_wconf 69' lang='lat' dir='ltr'>originale</span> <span class='ocrx_word' id='word_1_290' title='bbox 558 4115 591 4164; x_wconf 83' lang='lat' dir='ltr'>iar</span> <span class='ocrx_word' id='word_1_291' title='bbox 608 4113 725 4164; x_wconf 80' lang='lat' dir='ltr'>Arebira</span> <span class='ocrx_word' id='word_1_292' title='bbox 742 4114 789 4162; x_wconf 81' lang='lat' dir='ltr'>tter</span> <span class='ocrx_word' id='word_1_293' title='bbox 805 4113 881 4164; x_wconf 72' lang='lat' dir='ltr'>stadt</span> <span class='ocrx_word' id='word_1_294' title='bbox 897 4115 1015 4164; x_wconf 63' lang='lat' dir='ltr'>ereren.</span> <span class='ocrx_word' id='word_1_295' title='bbox 1049 4114 1103 4163; x_wconf 81' lang='lat' dir='ltr'>Dar</span> <span class='ocrx_word' id='word_1_296' title='bbox 1121 4115 1210 4182; x_wconf 68' lang='lat' dir='ltr'>siege!</span> <span class='ocrx_word' id='word_1_297' title='bbox 1227 4115 1274 4164; x_wconf 80' lang='lat' dir='ltr'>dat</span> <span class='ocrx_word' id='word_1_298' title='bbox 1292 4113 1473 4184; x_wconf 66' lang='lat' dir='ltr'>rtwhsmtnp</span> <span class='ocrx_word' id='word_1_299' title='bbox 1490 4117 1525 4166; x_wconf 79' lang='lat' dir='ltr'>ar</span> <span class='ocrx_word' id='word_1_300' title='bbox 1540 4115 1608 4176; x_wconf 75' lang='lat' dir='ltr'>(wia</span> <span class='ocrx_word' id='word_1_301' title='bbox 1624 4115 1806 4182; x_wconf 69' lang='lat' dir='ltr'>gawlbnlleb)</span> 
     </span>
     <span class='ocr_line' id='line_1_31' title="bbox 954 4200 1110 4268; baseline 0.013 -19"><span class='ocrx_word' id='word_1_302' title='bbox 954 4200 1110 4268; x_wconf 69' lang='lat' dir='ltr'>abgslfflen.</span> 
     </span>
    </p>
   </div>
   <div class='ocr_carea' id='block_1_6' title="bbox 168 4333 2022 5061">
    <p class='ocr_par' dir='ltr' id='par_1_10' title="bbox 168 4333 2022 5061">
     <span class='ocr_line' id='line_1_32' title="bbox 291 4333 1871 4438; baseline -0.001 -26"><span class='ocrx_word' id='word_1_303' title='bbox 291 4334 460 4429; x_wconf 87' lang='lat' dir='ltr'>Julius,</span> <span class='ocrx_word' id='word_1_304' title='bbox 491 4359 588 4438; x_wconf 80' lang='lat' dir='ltr'>papa</span> <span class='ocrx_word' id='word_1_305' title='bbox 611 4333 661 4424; x_wconf 85' lang='lat' dir='ltr'>ll.</span> <span class='ocrx_word' id='word_1_306' title='bbox 704 4335 841 4414; x_wconf 86' lang='lat' dir='ltr'>Dilecti</span> <span class='ocrx_word' id='word_1_307' title='bbox 864 4335 928 4410; x_wconf 87' lang='lat' dir='ltr'>tilii</span> <span class='ocrx_word' id='word_1_308' title='bbox 953 4337 1105 4413; x_wconf 88' lang='lat' dir='ltr'>salntem</span> <span class='ocrx_word' id='word_1_309' title='bbox 1130 4347 1169 4412; x_wconf 90' lang='lat' dir='ltr'>et</span> <span class='ocrx_word' id='word_1_310' title='bbox 1193 4335 1428 4438; x_wconf 83' lang='lat' dir='ltr'>apostolicam</span> <span class='ocrx_word' id='word_1_311' title='bbox 1454 4333 1750 4414; x_wconf 80' lang='lat' dir='ltr'>benedictionem.</span> <span class='ocrx_word' id='word_1_312' title='bbox 1785 4335 1871 4412; x_wconf 89' lang='lat' dir='ltr'>Non</span> 
     </span>
     <span class='ocr_line' id='line_1_33' title="bbox 170 4431 2022 4542; baseline -0.003 -20"><span class='ocrx_word' id='word_1_313' title='bbox 170 4443 271 4522; x_wconf 81' lang='lat' dir='ltr'>sine</span> <span class='ocrx_word' id='word_1_314' title='bbox 297 4438 402 4514; x_wconf 82' lang='lat' dir='ltr'>anbni</span> <span class='ocrx_word' id='word_1_315' title='bbox 427 4440 538 4515; x_wconf 71' lang='lat' dir='ltr'>nosbi</span> <span class='ocrx_word' id='word_1_316' title='bbox 563 4439 731 4516; x_wconf 81' lang='lat' dir='ltr'>molestia</span> <span class='ocrx_word' id='word_1_317' title='bbox 755 4449 794 4516; x_wconf 89' lang='lat' dir='ltr'>et</span> <span class='ocrx_word' id='word_1_318' title='bbox 820 4433 1051 4517; x_wconf 74' lang='lat' dir='ltr'>admiratione</span> <span class='ocrx_word' id='word_1_319' title='bbox 1083 4465 1195 4542; x_wconf 82' lang='lat' dir='ltr'>nuper</span> <span class='ocrx_word' id='word_1_320' title='bbox 1219 4439 1446 4541; x_wconf 87' lang='lat' dir='ltr'>accepimns,</span> <span class='ocrx_word' id='word_1_321' title='bbox 1479 4431 1871 4542; x_wconf 80' lang='lat' dir='ltr'>eeclesiasticas&#39;per-</span> <span class='ocrx_word' id='word_1_322' title='bbox 1922 4465 1929 4481; x_wconf 93' lang='lat'><strong>·</strong></span> <span class='ocrx_word' id='word_1_323' title='bbox 1986 4445 2022 4482; x_wconf 59' lang='lat'>&#39;¹‘</span> 
     </span>
     <span class='ocr_line' id='line_1_34' title="bbox 170 4539 1870 4645; baseline -0.001 -23"><span class='ocrx_word' id='word_1_324' title='bbox 170 4567 304 4624; x_wconf 74' lang='lat' dir='ltr'>sonas</span> <span class='ocrx_word' id='word_1_325' title='bbox 321 4539 478 4618; x_wconf 83' lang='lat' dir='ltr'>Slesie</span> <span class='ocrx_word' id='word_1_326' title='bbox 500 4545 685 4645; x_wconf 77' lang='lat' dir='ltr'>provincie</span> <span class='ocrx_word' id='word_1_327' title='bbox 709 4553 748 4620; x_wconf 92' lang='lat' dir='ltr'>et</span> <span class='ocrx_word' id='word_1_328' title='bbox 773 4540 963 4621; x_wconf 83' lang='lat' dir='ltr'>decumum</span> <span class='ocrx_word' id='word_1_329' title='bbox 987 4541 1321 4620; x_wconf 82' lang='lat' dir='ltr'>Suednieensis</span> <span class='ocrx_word' id='word_1_330' title='bbox 1347 4568 1393 4620; x_wconf 91' lang='lat' dir='ltr'>ac</span> <span class='ocrx_word' id='word_1_331' title='bbox 1409 4543 1676 4620; x_wconf 86' lang='lat' dir='ltr'>Jauriensis</span> <span class='ocrx_word' id='word_1_332' title='bbox 1701 4543 1870 4620; x_wconf 72' lang='lat' dir='ltr'>aliam</span> 
     </span>
     <span class='ocr_line' id='line_1_35' title="bbox 169 4641 1871 4753; baseline 0 -27"><span class='ocrx_word' id='word_1_333' title='bbox 169 4674 258 4753; x_wconf 85' lang='lat' dir='ltr'>que</span> <span class='ocrx_word' id='word_1_334' title='bbox 279 4641 497 4746; x_wconf 72' lang='lat' dir='ltr'>qmrnndam</span> <span class='ocrx_word' id='word_1_335' title='bbox 513 4648 770 4748; x_wconf 77' lang='lat' dir='ltr'>provinciarum</span> <span class='ocrx_word' id='word_1_336' title='bbox 786 4645 939 4723; x_wconf 89' lang='lat' dir='ltr'>insuetis</span> <span class='ocrx_word' id='word_1_337' title='bbox 964 4645 1157 4723; x_wconf 86' lang='lat' dir='ltr'>mediorum</span> <span class='ocrx_word' id='word_1_338' title='bbox 1171 4647 1346 4724; x_wconf 77' lang='lat' dir='ltr'>tinctura</span> <span class='ocrx_word' id='word_1_339' title='bbox 1372 4647 1621 4727; x_wconf 86' lang='lat' dir='ltr'>exactionibus</span> <span class='ocrx_word' id='word_1_340' title='bbox 1638 4646 1748 4740; x_wconf 74' lang='lat' dir='ltr'>efflei,</span> <span class='ocrx_word' id='word_1_341' title='bbox 1774 4643 1871 4750; x_wconf 78' lang='lat' dir='ltr'>qnod</span> 
     </span>
     <span class='ocr_line' id='line_1_36' title="bbox 169 4747 1872 4853; baseline 0.003 -29"><span class='ocrx_word' id='word_1_342' title='bbox 169 4777 272 4834; x_wconf 72' lang='lat' dir='ltr'>sum</span> <span class='ocrx_word' id='word_1_343' title='bbox 295 4749 348 4825; x_wconf 87' lang='lat' dir='ltr'>sit</span> <span class='ocrx_word' id='word_1_344' title='bbox 371 4774 397 4825; x_wconf 93' lang='lat' dir='ltr'>a</span> <span class='ocrx_word' id='word_1_345' title='bbox 421 4771 603 4826; x_wconf 88' lang='lat' dir='ltr'>sacrorum</span> <span class='ocrx_word' id='word_1_346' title='bbox 630 4751 724 4850; x_wconf 80' lang='lat' dir='ltr'>(sic)</span> <span class='ocrx_word' id='word_1_347' title='bbox 782 4761 892 4827; x_wconf 88' lang='lat' dir='ltr'>atrum</span> <span class='ocrx_word' id='word_1_348' title='bbox 916 4747 1077 4828; x_wconf 85' lang='lat' dir='ltr'>decretis</span> <span class='ocrx_word' id='word_1_349' title='bbox 1108 4751 1251 4853; x_wconf 76' lang='lat' dir='ltr'>peritus</span> <span class='ocrx_word' id='word_1_350' title='bbox 1280 4750 1435 4828; x_wconf 85' lang='lat' dir='ltr'>alienum</span> <span class='ocrx_word' id='word_1_351' title='bbox 1459 4761 1498 4828; x_wconf 86' lang='lat' dir='ltr'>et</span> <span class='ocrx_word' id='word_1_352' title='bbox 1523 4761 1649 4829; x_wconf 82' lang='lat' dir='ltr'>contra</span> <span class='ocrx_word' id='word_1_353' title='bbox 1670 4750 1872 4830; x_wconf 68' lang='lat' dir='ltr'>libertate·</span> 
     </span>
     <span class='ocr_line' id='line_1_37' title="bbox 168 4777 1872 4958; baseline -0.003 -21"><span class='ocrx_word' id='word_1_354' title='bbox 168 4853 486 4938; x_wconf 69' lang='lat' dir='ltr'>ecclesiastcam</span> <span class='ocrx_word' id='word_1_355' title='bbox 517 4851 657 4947; x_wconf 89' lang='lat' dir='ltr'>tendat,</span> <span class='ocrx_word' id='word_1_356' title='bbox 692 4777 845 4933; x_wconf 69' lang='lat' dir='ltr'>eredere</span> <span class='ocrx_word' id='word_1_357' title='bbox 876 4878 945 4932; x_wconf 91' lang='lat' dir='ltr'>non</span> <span class='ocrx_word' id='word_1_358' title='bbox 977 4879 1167 4958; x_wconf 74' lang='lat' dir='ltr'>possum</span> <span class='ocrx_word' id='word_1_359' title='bbox 1200 4855 1342 4933; x_wconf 66' lang='lat' dir='ltr'>scienoe</span> <span class='ocrx_word' id='word_1_360' title='bbox 1373 4853 1413 4932; x_wconf 81' lang='lat' dir='ltr'>e&#39;t</span> <span class='ocrx_word' id='word_1_361' title='bbox 1426 4855 1659 4958; x_wconf 65' lang='lat' dir='ltr'>pemtmrte</span> <span class='ocrx_word' id='word_1_362' title='bbox 1678 4855 1872 4934; x_wconf 58' lang='lat' dir='ltr'>&#39;cutim</span> 
     </span>
     <span class='ocr_line' id='line_1_38' title="bbox 168 4955 1870 5061; baseline -0.003 -21"><span class='ocrx_word' id='word_1_363' title='bbox 168 4965 212 5040; x_wconf 86' lang='lat' dir='ltr'>iu</span> <span class='ocrx_word' id='word_1_364' title='bbox 230 4957 390 5038; x_wconf 81' lang='lat' dir='ltr'>Gbristu</span> <span class='ocrx_word' id='word_1_365' title='bbox 415 4957 488 5034; x_wconf 86' lang='lat' dir='ltr'>tilio</span> <span class='ocrx_word' id='word_1_366' title='bbox 513 4967 635 5033; x_wconf 87' lang='lat' dir='ltr'>nostro</span> <span class='ocrx_word' id='word_1_367' title='bbox 652 4955 927 5054; x_wconf 80' lang='lat' dir='ltr'>wladislao,</span> <span class='ocrx_word' id='word_1_368' title='bbox 953 4959 1180 5060; x_wconf 75' lang='lat' dir='ltr'>Rungarie</span> <span class='ocrx_word' id='word_1_369' title='bbox 1203 4971 1243 5036; x_wconf 86' lang='lat' dir='ltr'>et</span> <span class='ocrx_word' id='word_1_370' title='bbox 1264 4957 1477 5037; x_wconf 74' lang='lat' dir='ltr'>Robemie</span> <span class='ocrx_word' id='word_1_371' title='bbox 1499 4981 1593 5061; x_wconf 79' lang='lat' dir='ltr'>rege</span> <span class='ocrx_word' id='word_1_372' title='bbox 1616 4959 1756 5054; x_wconf 67' lang='lat' dir='ltr'>inmte,</span> <span class='ocrx_word' id='word_1_373' title='bbox 1781 4959 1870 5054; x_wconf 84' lang='lat' dir='ltr'>lieri,</span> 
     </span>
    </p>
   </div>
   <div class='ocr_carea' id='block_1_7' title="bbox 0 0 2280 5781">
    <p class='ocr_par' dir='ltr' id='par_1_11' title="bbox 0 0 2280 5781">
     <span class='ocr_line' id='line_1_39' title="bbox 0 0 2280 5781; baseline 0 0"><span class='ocrx_word' id='word_1_374' title='bbox 0 0 2280 5781; x_wconf 95' lang='lat' dir='ltr'> </span> 
     </span>
    </p>
   </div>
  </div>
 </body>
</html>
