4594 5774
413 537 491 618 8⁰8
870 537 1079 612 urrannei
1135 531 1380 606 OELXXIX.
1410 531 1631 604 mum.

413 739 788 844 hieredlnpodcioni
810 737 976 841 episcopi
1001 737 1158 829 wrat,
1191 738 1251 837 qni
1284 747 1343 812 eet
1373 734 1434 812 rel
1464 734 1573 811 suerit
1595 759 1661 835 pro
1685 743 1866 835 ternpore,
1898 743 1938 806 nt
1969 727 2098 810 edu

414 851 510 925 bona
535 871 603 923 seu
628 844 824 920 districtum
851 843 1221 918 Wenzouieosem
1248 852 1343 918 terre
1369 863 1437 916 sue
1454 839 1662 941 Nyuensi
1684 837 1748 914 vel
1773 837 1878 913 elteri
1897 839 2008 936 juxta
2029 859 2102 914 m

414 951 609 1029 ”munds
634 949 812 1024 arbitrium
837 944 1052 1048 adjungere,
1078 957 1275 1023 annectere
1300 943 1430 1045 poterit
1455 955 1494 1019 et
1519 942 1630 1034 ordre,
1656 941 1853 1032 nobilibus,
1879 937 1974 1016 don.
2000 941 2102 1018 lla·-

415 1057 506 1134 tbia
527 1053 655 1138 ,comiti
686 1050 735 1128 de
768 1051 952 1126 Trencz
986 1049 1098 1126 botre
1129 1061 1251 1125 nostro
1284 1047 1496 1138 karissimo,
1533 1046 1695 1122 Vlrico
1725 1043 1777 1122 de
1808 1041 2102 1134 beronomine,
2219 1129 2224 1136 ,

416 1161 553 1237 Petro
579 1155 860 1246 Sendkon'is,
887 1153 1140 1252 Peregrino
1164 1151 1214 1230 de
1230 1147 1555 1242 Petirsw'alde,
1581 1149 1768 1226 Andrea
1784 1146 1834 1226 de
1850 1147 2101 1250 Eycholcn,

417 1265 636 1340 Vlnanoo
662 1258 711 1336 de
736 1259 892 1334 ldarns
925 1256 1092 1334 fidelibus
1118 1257 1270 1348 nostris,
1304 1269 1342 1332 et
1368 1254 1581 1356 Nyoolao
1607 1253 1656 1330 de
1683 1254 1886 1328 Ponkow
1911 1253 2012 1330 curie
2036 1277 2103 1328 no-

418 1379 494 1444 stre
518 1366 655 1441 nobrio
681 1364 835 1440 testibus
861 1360 910 1437 ad
935 1363 1125 1464 premissa
1159 1363 1293 1436 llatrnn
1319 1369 1357 1436 et
1381 1371 1500 1434 actnn
1517 1359 1552 1432 in
1571 1356 1848 1448 (ltmncbow,
1874 1356 2104 1456 recep-'nn

416 1471 579 1576 proxima
602 1480 688 1570 post
711 1479 877 1543 cctam
903 1493 935 1540 s.
963 1465 1158 1540 Michaelis
1182 1463 1415 1564 archangeli,
1451 1487 1485 1537 a
1513 1460 1607 1537 dom.
1634 1461 1820 1538 millesimo
1851 1461 2103 1538 montesino

417 1577 720 1678 qdrrqoagesrmo.

1126 1905 1389 1998 CCLXXX.

418 2097 2104 2178 unumunurn,unnrrmmugrormmugmnnwrmarmrnnnrn

418 2259 478 2308 Ans
495 2259 554 2306 den
571 2251 704 2321 originale
720 2254 754 2302 lm
772 2253 889 2302 Archive
907 2251 954 2300 dee
971 2250 1147 2312 Domeapltela
1169 2248 1199 2300 C.
1217 2243 1261 2298 35.
1314 2245 1369 2300 Du
1387 2252 1475 2316 siegel
1494 2253 1540 2300 dea
1559 2253 1659 2317 Konigo
1681 2265 1734 2300 ron
1752 2253 1873 2300 melnen
1891 2249 2010 2300 wione·
2026 2251 2107 2316 ungi

419 2357 452 2394 an
474 2345 566 2394 retinen
589 2343 714 2391 seldenen
735 2337 843 2402 Fiden,
865 2337 911 2386 nit
933 2338 980 2386 der
1000 2336 1154 2384 omnesne:
1188 2335 1355 2387 mouns
1373 2337 1433 2386 uu
1451 2335 1589 2388 oneum
1606 2337 1806 2389 ΒΟΙΑΝΟΙ.
1830 2335 1859 2386 ld
1875 2337 1949 2388 m
1966 2335 2106 2386 Sum

1021 2420 1211 2473 AVGVM'VS
1228 2455 1357 2475 .......
1374 2423 1410 2473 ΙΙ
1427 2423 1508 2474 m

522 2561 740 2652 Karolus,
772 2555 809 2632 d.
836 2555 1204 2656 gr.'llomanorum
1238 2581 1324 2650 rex,
1362 2581 1505 2660 semper
1536 2569 1713 2658 angrrstns
1747 2569 1784 2634 et
1816 2557 1995 2634 Boemie
2026 2581 2105 2650 rex,

253 2645 405 2700 mm·
420 2665 471 2744 ad
502 2677 708 2768 perpetuam
739 2661 793 2738 rei
824 2659 1036 2736 memoriam.
1105 2659 1192 2736 Etsi
1230 2661 1462 2762 quarumlibet
1494 2675 1697 2738 sanctourm
1724 2661 1960 2740 ecclesiarum
1986 2661 2107 2738 inore-

421 2769 550 2846 mentis
575 2767 742 2844 felicibus
769 2775 806 2840 et
831 2765 1062 2840 ministrorum
1089 2761 1150 2840 dei
1177 2763 1338 2842 conrodis
1361 2777 1399 2842 et
1415 2766 1593 2868 profectui
1619 2790 1669 2841 ex
1694 2767 1867 2868 assumpti
1895 2790 1983 2842 cura
2007 2765 2106 2866 regi·

422 2873 526 2950 minis
552 2869 661 2972 digne
686 2882 845 2946 tenernnr
868 2867 1075 2962 intendere,
1100 2869 1174 2943 illis
1200 2879 1318 2946 tamen
1343 2868 1548 2944 lavorosins
1574 2893 1711 2945 manum
1737 2869 1840 2970 regie
1865 2867 2105 2972 proteecionis

423 2975 648 3082 apponimus,
681 2999 823 3074 quorum
856 2969 942 3048 fidei
975 2973 1219 3048 constanciam
1252 2986 1290 3050 et
1320 2974 1467 3050 emerite
1500 2973 1641 3048 virtutis
1671 2971 1879 3048 industriam
1909 2971 1959 3049 nd
1985 2983 2105 3050 nostre

423 3078 648 3161 celsitudinis
673 3073 927 3154 instaurandos
952 3075 1110 3152 honores
1136 3087 1330 3180 promptam
1355 3075 1497 3178 quidem
1522 3077 1720 3154 invenimus
1747 3091 1784 3154 et
1810 3076 2003 3155 cottidiano
2029 3078 2106 3154 ler-

421 3209 511 3262 vore
537 3183 703 3261 devotam
730 3181 841 3258 claris
864 3179 1008 3256 indiciis
1040 3182 1253 3280 experimur.
1314 3179 1417 3260 Sane
1451 3181 1670 3258 venerabilis
1701 3181 1935 3276 Preezlai,
1968 3179 2105 3258 Wrat

423 3287 605 3392 episcopi,
631 3283 819 3389 principis,
847 3295 885 3360 et
909 3283 1126 3360 honorabilis
1152 3286 1209 3360 sui
1235 3285 1382 3386 capituli
1407 3283 1613 3362 devotorum
1639 3295 1837 3360 nostrorum
1860 3285 2107 3388 circumspec-

424 3393 540 3470 eionis
565 3389 774 3466 industriam
801 3401 838 3466 et
868 3389 1066 3464 constantis
1098 3386 1184 3465 fidei
1210 3389 1414 3490 puritatem,
1448 3391 1575 3490 quibus
1600 3401 1768 3482 nostrum,
1802 3389 1903 3490 regni
1934 3391 2045 3466 nostri
2070 3403 2107 3470 et

425 3519 559 3574 corone
583 3493 763 3570 Boemie
788 3505 1023 3592 prosecuntur
1046 3491 1212 3568 honorem
1231 3493 1333 3592 regie
1352 3491 1629 3570 deliberacionis
1653 3493 1824 3570 sollercia
1848 3491 2027 3594 limpidius
2050 3493 2105 3570 in·

424 3609 587 3686 urentes,
614 3595 842 3698 promittimus
867 3593 1010 3670 firmiter
1036 3607 1073 3672 et
1098 3593 1335 3697 spondemus,
1365 3653 1374 3672 .
1403 3653 1413 3672 .
1441 3597 1616 3700 episcopo
1643 3609 1681 3673 et
1707 3595 1863 3698 capitulo
1889 3593 2107 3700 supradictis

423 3724 564 3781 necnon
590 3699 867 3776 successoribus
892 3699 1047 3800 ipsorum
1071 3699 1325 3802 imperpetuum
1350 3726 1414 3802 pro
1441 3701 1563 3794 nobis,
1596 3699 1789 3778 heredibus
1815 3714 1853 3776 et
1878 3699 2106 3780 suecessori-

532 3973 601 4038 und
620 3971 805 4038 ersebast
823 3972 999 4064 geschenit
1019 3973 1165 4051 worden,
1193 3973 1264 4039 dass
1290 3972 1401 4056 jedoch
1430 3973 1518 4039 nicht
1544 3975 1602 4039 mit
1630 3971 1778 4066 riilligem
1799 3971 1919 4040 Recbte
1939 3971 1992 4038 ibr
2011 3973 2107 4039 Vater

532 4059 600 4124 und
621 4059 725 4146 einige
739 4055 820 4123 Edle
833 4057 900 4122 sich
914 4058 969 4124 des
990 4058 1214 4150 herzoglioben
1236 4059 1351 4124 Rechts
1371 4059 1452 4124 iiber
1472 4058 1632 4124 dieselben
1654 4071 1846 4151 angemasst,
1867 4083 1934 4123 nun
1955 4059 2034 4124 ehu·
2052 4057 2111 4124 nni

537 4141 680 4210 denselbe
701 4143 870 4210 reniebtet
890 4144 1007 4222 bitten,
1027 4143 1155 4210 moreni
1172 4145 1223 4209 die
1245 4145 1390 4236 Hernbge
1410 4145 1495 4212 dieee
1517 4147 1618 4212 Giiter
1637 4145 1795 4212 bebeien:
1815 4167 1837 4210 ι
1850 4146 1916 4226 jore
1929 4142 2035 4210 dnmli
2047 4145 2109 4210 sire

535 4229 678 4296 domimo
705 4253 854 4319 supremo
876 4241 909 4293 et
930 4228 1053 4310 infimo,
1080 4227 1198 4294 scilieet
1221 4230 1373 4320 auguriis,
1400 4254 1477 4320 pera
1560 4232 1610 4306 is,
1636 4231 1856 4322 petitionibus,
1882 4229 2107 4306 auctionibus,

532 4313 676 4391 vecturis,
696 4317 838 4394 araturis,
859 4315 1044 4380 stationibus
1058 4327 1091 4380 et
1104 4311 1173 4379 eliis
1194 4316 1435 4414 gravaminibus,
1457 4253 1567 4382 iffi
1586 4317 1631 4380 sie
1651 4315 1716 4380 sich
1733 4317 1798 4380 und
1813 4315 1903 4379 ihren
1918 4315 2028 4380 Erben
2042 4315 2105 4379 und

534 4397 750 4488 Nachl'olgern
772 4399 874 4466 nichts
896 4397 1116 4465 vorbebelten:
1147 4397 1228 4464 nihrl
1254 4401 1344 4482 juris,
1371 4402 1608 4481 jurisdictionis,
1629 4402 1833 4492 proprietatis
1853 4399 1902 4464 rel
1922 4401 2055 4466 dominii
2076 4411 2107 4464 et

535 4481 713 4584 specialiter
725 4483 927 4585 provineinlin
948 4486 1052 4566 judicii
1073 4483 1122 4549 vel
1142 4487 1291 4575 supremi,
1311 4487 1399 4586 qnpd
1420 4509 1453 4551 se
1473 4487 1615 4554 extendit
1635 4487 1676 4552 ud
1693 4485 2107 4588 membrorummntilntio-

535 4567 1959 4804 'fciiim?fflbffilihilihli‘ssiffiffid¹35¹&
1977 4569 2107 4754 ffi'oii-

590 4737 709 4820 beben,
728 4739 884 4830 geborim
904 4740 978 4805 deun
999 4741 1045 4806 Cn
1068 4739 1122 4806 irel
1142 4741 1191 4806 brs
1213 4765 1286 4806 zum
1306 4743 1333 4806 J.
1356 4741 1449 4806 1810.
1513 4742 1658 4806 Prnmseu
1686 4743 1794 4806 rrnrde
1822 4765 1866 4806 rm
1891 4742 1917 4805 J.
1941 4741 2022 4806 1561
2049 4752 2107 4806 mut

536 4823 700 4889 Biscbwitz
726 4849 799 4890 vom
826 4823 972 4890 bischofe
1056 4825 1176 4906 theser,
1232 4851 1311 4918 egen
1343 4826 1576 4891 Thomaslnirob
1613 4827 1657 4890 im
1685 4825 1895 4893 ohhu‘scben
1922 4824 2105 4892 vertnnrcht.

538 4907 647 4974 Durub
673 4931 708 4974 su
733 4933 839 5000 grosse
865 4909 1043 4978 Freibeiten
1071 4923 1194 4978 enemo
1218 4935 1259 4976 en
1286 4911 1338 4976 die
1365 4911 1594 4978 bisebbflicben
1620 4910 1713 4979 Halte
1738 4914 1798 4978 mit
1824 4909 1955 5004 rolliger
1979 4911 2106 5003 eigener

538 4991 742 5084 vendeung
761 4995 827 5060 und
848 4995 1040 5089 Sunderung
1059 5017 1122 5064 rou
1143 4997 1207 5062 den
1227 4995 1508 5064 Fiirsteulhiirnem
1529 4998 1564 5064 iu
1583 4997 1689 5064 denen
1708 4998 1754 5064 sie
1774 4995 1877 5089 legen.
