<?xml version="1.0" encoding="UTF-8"?>
<!DOCTYPE html PUBLIC "-//W3C//DTD XHTML 1.0 Transitional//EN"
    "http://www.w3.org/TR/xhtml1/DTD/xhtml1-transitional.dtd">
<html xmlns="http://www.w3.org/1999/xhtml" xml:lang="en" lang="en">
 <head>
  <title>
</title>
<meta http-equiv="Content-Type" content="text/html;charset=utf-8" />
  <meta name='ocr-system' content='tesseract 3.04.00' />
  <meta name='ocr-capabilities' content='ocr_page ocr_carea ocr_par ocr_line ocrx_word'/>
</head>
<body>
  <div class='ocr_page' id='page_1' title='image "./urkundenzurgesc00stengoog_0485.png"; bbox 0 0 4552 5786; ppageno 0'>
   <div class='ocr_carea' id='block_1_1' title="bbox 422 515 1471 595">
    <p class='ocr_par' dir='ltr' id='par_1_1' title="bbox 422 515 1471 595">
     <span class='ocr_line' id='line_1_1' title="bbox 422 515 1471 595; baseline 0.001 -2"><span class='ocrx_word' id='word_1_1' title='bbox 422 515 499 594; x_wconf 76' lang='lat'><strong>380</strong></span> <span class='ocrx_word' id='word_1_2' title='bbox 1040 521 1246 594; x_wconf 76' lang='lat' dir='ltr'><strong>Urluudeu.</strong></span> <span class='ocrx_word' id='word_1_3' title='bbox 1305 521 1471 595; x_wconf 70' lang='lat' dir='ltr'><strong><em>OEUXV.</em></strong></span> 
     </span>
    </p>
   </div>
   <div class='ocr_carea' id='block_1_2' title="bbox 423 721 2093 825">
    <p class='ocr_par' dir='ltr' id='par_1_2' title="bbox 423 721 2093 825">
     <span class='ocr_line' id='line_1_2' title="bbox 423 721 2093 825; baseline 0.006 -29"><span class='ocrx_word' id='word_1_4' title='bbox 423 724 489 798; x_wconf 84' lang='lat' dir='ltr'><strong>bus</strong></span> <span class='ocrx_word' id='word_1_5' title='bbox 508 726 555 800; x_wconf 89' lang='lat' dir='ltr'><strong>sit</strong></span> <span class='ocrx_word' id='word_1_6' title='bbox 571 724 773 800; x_wconf 85' lang='lat' dir='ltr'><strong>verisimilis</strong></span> <span class='ocrx_word' id='word_1_7' title='bbox 792 727 1010 822; x_wconf 87' lang='lat' dir='ltr'><strong>conjectura,</strong></span> <span class='ocrx_word' id='word_1_8' title='bbox 1033 721 1127 824; x_wconf 93' lang='lat' dir='ltr'><strong>quod</strong></span> <span class='ocrx_word' id='word_1_9' title='bbox 1145 722 1194 800; x_wconf 82' lang='lat' dir='ltr'><strong>sd</strong></span> <span class='ocrx_word' id='word_1_10' title='bbox 1212 747 1341 817; x_wconf 90' lang='lat' dir='ltr'><strong>eornm,</strong></span> <span class='ocrx_word' id='word_1_11' title='bbox 1367 747 1508 825; x_wconf 90' lang='lat' dir='ltr'><strong>quornm</strong></span> <span class='ocrx_word' id='word_1_12' title='bbox 1524 726 1686 818; x_wconf 89' lang='lat' dir='ltr'><strong>interest,</strong></span> <span class='ocrx_word' id='word_1_13' title='bbox 1717 725 1878 803; x_wconf 84' lang='lat' dir='ltr'><strong>intererit</strong></span> <span class='ocrx_word' id='word_1_14' title='bbox 1903 736 1965 802; x_wconf 86' lang='lat' dir='ltr'><strong>ant</strong></span> <span class='ocrx_word' id='word_1_15' title='bbox 1981 727 2093 806; x_wconf 87' lang='lat' dir='ltr'><strong>inter·</strong></span> 
     </span>
    </p>
   </div>
   <div class='ocr_carea' id='block_1_3' title="bbox 239 826 2096 4968">
    <p class='ocr_par' dir='ltr' id='par_1_3' title="bbox 422 826 2093 1033">
     <span class='ocr_line' id='line_1_3' title="bbox 423 826 2093 932; baseline -0.001 -23"><span class='ocrx_word' id='word_1_16' title='bbox 423 853 511 909; x_wconf 86' lang='lat' dir='ltr'><strong>esse</strong></span> <span class='ocrx_word' id='word_1_17' title='bbox 523 826 785 929; x_wconf 78' lang='lat' dir='ltr'><strong>quomodolibet</strong></span> <span class='ocrx_word' id='word_1_18' title='bbox 799 829 927 929; x_wconf 89' lang='lat' dir='ltr'><strong>poterit</strong></span> <span class='ocrx_word' id='word_1_19' title='bbox 943 828 975 902; x_wconf 92' lang='lat' dir='ltr'><strong>iu</strong></span> <span class='ocrx_word' id='word_1_20' title='bbox 992 827 1138 902; x_wconf 75' lang='lat' dir='ltr'><strong>buturum</strong></span> <span class='ocrx_word' id='word_1_21' title='bbox 1152 829 1315 905; x_wconf 74' lang='lat' dir='ltr'><strong>noticiam</strong></span> <span class='ocrx_word' id='word_1_22' title='bbox 1331 829 1515 930; x_wconf 88' lang='lat' dir='ltr'><strong>pervenire</strong></span> <span class='ocrx_word' id='word_1_23' title='bbox 1528 831 1679 932; x_wconf 91' lang='lat' dir='ltr'><strong>possint,</strong></span> <span class='ocrx_word' id='word_1_24' title='bbox 1698 828 2093 930; x_wconf 78' lang='lat' dir='ltr'><strong>elligendumececiam</strong></span> 
     </span>
     <span class='ocr_line' id='line_1_4' title="bbox 422 929 2092 1033; baseline 0.001 -23"><span class='ocrx_word' id='word_1_25' title='bbox 422 934 555 1028; x_wconf 79' lang='lat' dir='ltr'><strong>vestris</strong></span> <span class='ocrx_word' id='word_1_26' title='bbox 579 933 614 1006; x_wconf 90' lang='lat' dir='ltr'><strong>iu</strong></span> <span class='ocrx_word' id='word_1_27' title='bbox 641 931 813 1010; x_wconf 87' lang='lat' dir='ltr'><strong>ecclesiis</strong></span> <span class='ocrx_word' id='word_1_28' title='bbox 840 929 1073 1022; x_wconf 80' lang='lat' dir='ltr'><strong>monasteriis,</strong></span> <span class='ocrx_word' id='word_1_29' title='bbox 1102 945 1140 1008; x_wconf 89' lang='lat' dir='ltr'><strong>et</strong></span> <span class='ocrx_word' id='word_1_30' title='bbox 1165 931 1329 1033; x_wconf 85' lang='lat' dir='ltr'><strong>capellis,</strong></span> <span class='ocrx_word' id='word_1_31' title='bbox 1357 933 1507 1032; x_wconf 88' lang='lat' dir='ltr'><strong>siugulis</strong></span> <span class='ocrx_word' id='word_1_32' title='bbox 1532 930 1661 1010; x_wconf 87' lang='lat' dir='ltr'><strong>diebus</strong></span> <span class='ocrx_word' id='word_1_33' title='bbox 1688 932 1873 1012; x_wconf 89' lang='lat' dir='ltr'><strong>dominicis</strong></span> <span class='ocrx_word' id='word_1_34' title='bbox 1892 947 1930 1009; x_wconf 91' lang='lat' dir='ltr'><strong>et</strong></span> <span class='ocrx_word' id='word_1_35' title='bbox 1949 935 2092 1011; x_wconf 73' lang='lat' dir='ltr'><strong>festivis</strong></span> 
     </span>
    </p>

    <p class='ocr_par' dir='ltr' id='par_1_4' title="bbox 291 1033 2096 1967">
     <span class='ocr_line' id='line_1_5' title="bbox 291 1033 2094 1138; baseline 0 -24"><span class='ocrx_word' id='word_1_36' title='bbox 291 1081 293 1088; x_wconf 71' lang='lat'><strong>,</strong></span> <span class='ocrx_word' id='word_1_37' title='bbox 421 1037 514 1115; x_wconf 78' lang='lat' dir='ltr'><strong>inira</strong></span> <span class='ocrx_word' id='word_1_38' title='bbox 538 1036 721 1110; x_wconf 89' lang='lat' dir='ltr'><strong>missarum</strong></span> <span class='ocrx_word' id='word_1_39' title='bbox 748 1047 785 1110; x_wconf 91' lang='lat' dir='ltr'><strong>et</strong></span> <span class='ocrx_word' id='word_1_40' title='bbox 810 1034 956 1109; x_wconf 89' lang='lat' dir='ltr'><strong>aliarum</strong></span> <span class='ocrx_word' id='word_1_41' title='bbox 980 1035 1142 1109; x_wconf 85' lang='lat' dir='ltr'><strong>lrorarom</strong></span> <span class='ocrx_word' id='word_1_42' title='bbox 1169 1033 1362 1112; x_wconf 85' lang='lat' dir='ltr'><strong>divinarum</strong></span> <span class='ocrx_word' id='word_1_43' title='bbox 1389 1037 1561 1128; x_wconf 80' lang='lat' dir='ltr'><strong>solennia,</strong></span> <span class='ocrx_word' id='word_1_44' title='bbox 1594 1037 1674 1112; x_wconf 90' lang='lat' dir='ltr'><strong>dum</strong></span> <span class='ocrx_word' id='word_1_45' title='bbox 1701 1036 1832 1114; x_wconf 84' lang='lat' dir='ltr'><strong>ibidem</strong></span> <span class='ocrx_word' id='word_1_46' title='bbox 1857 1038 1977 1138; x_wconf 93' lang='lat' dir='ltr'><strong>populi</strong></span> <span class='ocrx_word' id='word_1_47' title='bbox 2003 1038 2094 1114; x_wconf 84' lang='lat' dir='ltr'><strong>mul·</strong></span> 
     </span>
     <span class='ocr_line' id='line_1_6' title="bbox 421 1136 2093 1242; baseline 0.002 -25"><span class='ocrx_word' id='word_1_48' title='bbox 421 1139 533 1218; x_wconf 89' lang='lat' dir='ltr'><strong>titudo</strong></span> <span class='ocrx_word' id='word_1_49' title='bbox 559 1138 608 1214; x_wconf 88' lang='lat' dir='ltr'><strong>ad</strong></span> <span class='ocrx_word' id='word_1_50' title='bbox 634 1136 753 1213; x_wconf 87' lang='lat' dir='ltr'><strong>diviua</strong></span> <span class='ocrx_word' id='word_1_51' title='bbox 778 1136 990 1214; x_wconf 88' lang='lat' dir='ltr'><strong>audiendum</strong></span> <span class='ocrx_word' id='word_1_52' title='bbox 1017 1140 1224 1215; x_wconf 74' lang='lat' dir='ltr'><strong>nomenonii</strong></span> <span class='ocrx_word' id='word_1_53' title='bbox 1248 1151 1310 1214; x_wconf 88' lang='lat' dir='ltr'><strong>aut</strong></span> <span class='ocrx_word' id='word_1_54' title='bbox 1335 1139 1428 1214; x_wconf 78' lang='lat' dir='ltr'><strong>alias</strong></span> <span class='ocrx_word' id='word_1_55' title='bbox 1454 1141 1610 1239; x_wconf 87' lang='lat' dir='ltr'><strong>legitime</strong></span> <span class='ocrx_word' id='word_1_56' title='bbox 1637 1153 1861 1242; x_wconf 86' lang='lat' dir='ltr'><strong>congregata</strong></span> <span class='ocrx_word' id='word_1_57' title='bbox 1880 1141 1997 1234; x_wconf 82' lang='lat' dir='ltr'><strong>fuerit,</strong></span> <span class='ocrx_word' id='word_1_58' title='bbox 2023 1139 2093 1220; x_wconf 86' lang='lat' dir='ltr'><strong>de-</strong></span> 
     </span>
     <span class='ocr_line' id='line_1_7' title="bbox 420 1241 2096 1344; baseline 0.001 -24"><span class='ocrx_word' id='word_1_59' title='bbox 420 1243 610 1321; x_wconf 89' lang='lat' dir='ltr'><strong>uuuctietis</strong></span> <span class='ocrx_word' id='word_1_60' title='bbox 637 1255 673 1318; x_wconf 91' lang='lat' dir='ltr'><strong>et</strong></span> <span class='ocrx_word' id='word_1_61' title='bbox 697 1241 886 1342; x_wconf 89' lang='lat' dir='ltr'><strong>publicetis</strong></span> <span class='ocrx_word' id='word_1_62' title='bbox 913 1267 958 1318; x_wconf 89' lang='lat' dir='ltr'><strong>ac</strong></span> <span class='ocrx_word' id='word_1_63' title='bbox 984 1242 1077 1318; x_wconf 92' lang='lat' dir='ltr'><strong>alter</strong></span> <span class='ocrx_word' id='word_1_64' title='bbox 1100 1253 1257 1318; x_wconf 87' lang='lat' dir='ltr'><strong>vestrum</strong></span> <span class='ocrx_word' id='word_1_65' title='bbox 1290 1243 1448 1344; x_wconf 79' lang='lat' dir='ltr'><strong>publicet</strong></span> <span class='ocrx_word' id='word_1_66' title='bbox 1480 1255 1517 1320; x_wconf 90' lang='lat' dir='ltr'><strong>et</strong></span> <span class='ocrx_word' id='word_1_67' title='bbox 1542 1241 1765 1338; x_wconf 85' lang='lat' dir='ltr'><strong>denuuctiet,</strong></span> <span class='ocrx_word' id='word_1_68' title='bbox 1797 1245 2000 1322; x_wconf 85' lang='lat' dir='ltr'><strong>inhibentes</strong></span> <span class='ocrx_word' id='word_1_69' title='bbox 2025 1267 2096 1321; x_wconf 52' lang='lat' dir='ltr'><strong>aud</strong></span> 
     </span>
     <span class='ocr_line' id='line_1_8' title="bbox 420 1345 2093 1449; baseline 0 -24"><span class='ocrx_word' id='word_1_70' title='bbox 420 1349 584 1426; x_wconf 89' lang='lat' dir='ltr'><strong>ctoritate</strong></span> <span class='ocrx_word' id='word_1_71' title='bbox 616 1357 738 1420; x_wconf 88' lang='lat' dir='ltr'><strong>nostra</strong></span> <span class='ocrx_word' id='word_1_72' title='bbox 769 1370 884 1446; x_wconf 89' lang='lat' dir='ltr'><strong>ymmo</strong></span> <span class='ocrx_word' id='word_1_73' title='bbox 910 1347 1031 1422; x_wconf 90' lang='lat' dir='ltr'><strong>verius</strong></span> <span class='ocrx_word' id='word_1_74' title='bbox 1057 1347 1269 1446; x_wconf 89' lang='lat' dir='ltr'><strong>apostolica,</strong></span> <span class='ocrx_word' id='word_1_75' title='bbox 1296 1345 1458 1422; x_wconf 63' lang='lat' dir='ltr'><strong>uobis‘iu</strong></span> <span class='ocrx_word' id='word_1_76' title='bbox 1485 1347 1556 1424; x_wconf 90' lang='lat' dir='ltr'><strong>bac</strong></span> <span class='ocrx_word' id='word_1_77' title='bbox 1582 1357 1683 1449; x_wconf 87' lang='lat' dir='ltr'><strong>parte</strong></span> <span class='ocrx_word' id='word_1_78' title='bbox 1701 1352 1903 1440; x_wconf 87' lang='lat' dir='ltr'><strong>commissa,</strong></span> <span class='ocrx_word' id='word_1_79' title='bbox 1930 1374 1975 1425; x_wconf 93' lang='lat' dir='ltr'><strong>ne</strong></span> <span class='ocrx_word' id='word_1_80' title='bbox 1993 1349 2093 1448; x_wconf 88' lang='lat' dir='ltr'><strong>quis-</strong></span> 
     </span>
     <span class='ocr_line' id='line_1_9' title="bbox 418 1447 2093 1554; baseline 0.002 -27"><span class='ocrx_word' id='word_1_81' title='bbox 418 1453 509 1554; x_wconf 87' lang='lat' dir='ltr'><strong>piam</strong></span> <span class='ocrx_word' id='word_1_82' title='bbox 538 1461 661 1527; x_wconf 90' lang='lat' dir='ltr'><strong>contra</strong></span> <span class='ocrx_word' id='word_1_83' title='bbox 686 1447 889 1546; x_wconf 88' lang='lat' dir='ltr'><strong>lmjusmodi</strong></span> <span class='ocrx_word' id='word_1_84' title='bbox 915 1460 1132 1539; x_wconf 88' lang='lat' dir='ltr'><strong>statutorum,</strong></span> <span class='ocrx_word' id='word_1_85' title='bbox 1161 1449 1389 1551; x_wconf 89' lang='lat' dir='ltr'><strong>capitulomm</strong></span> <span class='ocrx_word' id='word_1_86' title='bbox 1417 1463 1454 1527; x_wconf 94' lang='lat' dir='ltr'><strong>et</strong></span> <span class='ocrx_word' id='word_1_87' title='bbox 1479 1463 1661 1552; x_wconf 87' lang='lat' dir='ltr'><strong>pactomm</strong></span> <span class='ocrx_word' id='word_1_88' title='bbox 1688 1453 1970 1544; x_wconf 78' lang='lat' dir='ltr'><strong>revocationem,</strong></span> <span class='ocrx_word' id='word_1_89' title='bbox 2005 1478 2093 1530; x_wconf 87' lang='lat' dir='ltr'><strong>cas·</strong></span> 
     </span>
     <span class='ocr_line' id='line_1_10' title="bbox 418 1552 2092 1648; baseline 0.001 -18"><span class='ocrx_word' id='word_1_90' title='bbox 418 1555 610 1644; x_wconf 89' lang='lat' dir='ltr'><strong>saciouem,</strong></span> <span class='ocrx_word' id='word_1_91' title='bbox 636 1553 883 1644; x_wconf 86' lang='lat' dir='ltr'><strong>irritaciouem,</strong></span> <span class='ocrx_word' id='word_1_92' title='bbox 911 1553 1155 1643; x_wconf 85' lang='lat' dir='ltr'><strong>aboliciouem,</strong></span> <span class='ocrx_word' id='word_1_93' title='bbox 1182 1552 1383 1646; x_wconf 87' lang='lat' dir='ltr'><strong>decretum,</strong></span> <span class='ocrx_word' id='word_1_94' title='bbox 1410 1552 1716 1647; x_wconf 89' lang='lat' dir='ltr'><strong>declaraciouem‚</strong></span> <span class='ocrx_word' id='word_1_95' title='bbox 1744 1555 2021 1648; x_wconf 81' lang='lat' dir='ltr'><strong>absolucionem,</strong></span> <span class='ocrx_word' id='word_1_96' title='bbox 2045 1557 2092 1632; x_wconf 93' lang='lat' dir='ltr'><strong>li-</strong></span> 
     </span>
     <span class='ocr_line' id='line_1_11' title="bbox 418 1656 2092 1761; baseline 0.001 -27"><span class='ocrx_word' id='word_1_97' title='bbox 418 1659 659 1746; x_wconf 84' lang='lat' dir='ltr'><strong>bersciouem,</strong></span> <span class='ocrx_word' id='word_1_98' title='bbox 686 1656 969 1749; x_wconf 90' lang='lat' dir='ltr'><strong>restituciouem,</strong></span> <span class='ocrx_word' id='word_1_99' title='bbox 996 1657 1255 1758; x_wconf 90' lang='lat' dir='ltr'><strong>reposiciouem</strong></span> <span class='ocrx_word' id='word_1_100' title='bbox 1291 1669 1328 1733; x_wconf 92' lang='lat' dir='ltr'><strong>et</strong></span> <span class='ocrx_word' id='word_1_101' title='bbox 1353 1657 1670 1758; x_wconf 85' lang='lat' dir='ltr'><strong>reintegracionem</strong></span> <span class='ocrx_word' id='word_1_102' title='bbox 1701 1683 1767 1759; x_wconf 91' lang='lat' dir='ltr'><strong>per</strong></span> <span class='ocrx_word' id='word_1_103' title='bbox 1790 1656 1916 1736; x_wconf 89' lang='lat' dir='ltr'><strong>sedern</strong></span> <span class='ocrx_word' id='word_1_104' title='bbox 1942 1671 2092 1761; x_wconf 87' lang='lat' dir='ltr'><strong>aposto·</strong></span> 
     </span>
     <span class='ocr_line' id='line_1_12' title="bbox 416 1759 2091 1866; baseline 0.001 -30"><span class='ocrx_word' id='word_1_105' title='bbox 416 1763 521 1838; x_wconf 89' lang='lat' dir='ltr'><strong>licam</strong></span> <span class='ocrx_word' id='word_1_106' title='bbox 548 1772 585 1834; x_wconf 93' lang='lat' dir='ltr'><strong>ut</strong></span> <span class='ocrx_word' id='word_1_107' title='bbox 610 1760 819 1860; x_wconf 87' lang='lat' dir='ltr'><strong>premissum</strong></span> <span class='ocrx_word' id='word_1_108' title='bbox 846 1771 904 1835; x_wconf 91' lang='lat' dir='ltr'><strong>est</strong></span> <span class='ocrx_word' id='word_1_109' title='bbox 929 1759 1066 1852; x_wconf 85' lang='lat' dir='ltr'><strong>lactas,</strong></span> <span class='ocrx_word' id='word_1_110' title='bbox 1101 1760 1137 1834; x_wconf 91' lang='lat' dir='ltr'><strong>iu</strong></span> <span class='ocrx_word' id='word_1_111' title='bbox 1162 1759 1388 1862; x_wconf 86' lang='lat' dir='ltr'><strong>vilipendium</strong></span> <span class='ocrx_word' id='word_1_112' title='bbox 1415 1773 1452 1837; x_wconf 91' lang='lat' dir='ltr'><strong>et</strong></span> <span class='ocrx_word' id='word_1_113' title='bbox 1477 1773 1711 1863; x_wconf 89' lang='lat' dir='ltr'><strong>contemptum</strong></span> <span class='ocrx_word' id='word_1_114' title='bbox 1745 1760 1844 1841; x_wconf 86' lang='lat' dir='ltr'><strong>dicte</strong></span> <span class='ocrx_word' id='word_1_115' title='bbox 1870 1760 1973 1839; x_wconf 89' lang='lat' dir='ltr'><strong>sedis</strong></span> <span class='ocrx_word' id='word_1_116' title='bbox 1999 1787 2091 1866; x_wconf 82' lang='lat' dir='ltr'><strong>spo-</strong></span> 
     </span>
     <span class='ocr_line' id='line_1_13' title="bbox 415 1859 2091 1967; baseline 0.001 -27"><span class='ocrx_word' id='word_1_117' title='bbox 415 1865 546 1941; x_wconf 88' lang='lat' dir='ltr'><strong>stolicc</strong></span> <span class='ocrx_word' id='word_1_118' title='bbox 573 1875 610 1940; x_wconf 91' lang='lat' dir='ltr'><strong>et</strong></span> <span class='ocrx_word' id='word_1_119' title='bbox 634 1873 913 1963; x_wconf 89' lang='lat' dir='ltr'><strong>prenarratorum</strong></span> <span class='ocrx_word' id='word_1_120' title='bbox 940 1859 1152 1940; x_wconf 88' lang='lat' dir='ltr'><strong>dominorum</strong></span> <span class='ocrx_word' id='word_1_121' title='bbox 1169 1865 1341 1966; x_wconf 88' lang='lat' dir='ltr'><strong>episcopi,</strong></span> <span class='ocrx_word' id='word_1_122' title='bbox 1369 1865 1592 1966; x_wconf 79' lang='lat' dir='ltr'><strong>prelatorum,</strong></span> <span class='ocrx_word' id='word_1_123' title='bbox 1620 1865 1765 1967; x_wconf 86' lang='lat' dir='ltr'><strong>capituli</strong></span> <span class='ocrx_word' id='word_1_124' title='bbox 1789 1875 1826 1941; x_wconf 90' lang='lat' dir='ltr'><strong>et</strong></span> <span class='ocrx_word' id='word_1_125' title='bbox 1844 1866 2091 1943; x_wconf 74' lang='lat' dir='ltr'><strong>canonicorum</strong></span> 
     </span>
    </p>

    <p class='ocr_par' dir='ltr' id='par_1_5' title="bbox 413 1963 2091 2796">
     <span class='ocr_line' id='line_1_14' title="bbox 415 1963 2091 2070; baseline 0.001 -26"><span class='ocrx_word' id='word_1_126' title='bbox 415 1994 461 2045; x_wconf 93' lang='lat' dir='ltr'><strong>ac</strong></span> <span class='ocrx_word' id='word_1_127' title='bbox 489 1967 575 2045; x_wconf 92' lang='lat' dir='ltr'><strong>cleri</strong></span> <span class='ocrx_word' id='word_1_128' title='bbox 603 1967 758 2042; x_wconf 88' lang='lat' dir='ltr'><strong>civitatis</strong></span> <span class='ocrx_word' id='word_1_129' title='bbox 785 1977 823 2042; x_wconf 93' lang='lat' dir='ltr'><strong>et</strong></span> <span class='ocrx_word' id='word_1_130' title='bbox 848 1963 1009 2043; x_wconf 88' lang='lat' dir='ltr'><strong>diocesis</strong></span> <span class='ocrx_word' id='word_1_131' title='bbox 1035 1967 1439 2044; x_wconf 85' lang='lat' dir='ltr'><strong>Wratislauieusis</strong></span> <span class='ocrx_word' id='word_1_132' title='bbox 1470 1967 1693 2070; x_wconf 90' lang='lat' dir='ltr'><strong>prejuditium</strong></span> <span class='ocrx_word' id='word_1_133' title='bbox 1725 1979 1763 2046; x_wconf 91' lang='lat' dir='ltr'><strong>et</strong></span> <span class='ocrx_word' id='word_1_134' title='bbox 1795 1993 1987 2070; x_wconf 84' lang='lat' dir='ltr'><strong>gravamen</strong></span> <span class='ocrx_word' id='word_1_135' title='bbox 2021 1971 2091 2046; x_wconf 88' lang='lat' dir='ltr'><strong>ali-</strong></span> 
     </span>
     <span class='ocr_line' id='line_1_15' title="bbox 415 2069 2090 2174; baseline 0.002 -28"><span class='ocrx_word' id='word_1_136' title='bbox 415 2069 498 2172; x_wconf 88' lang='lat' dir='ltr'><strong>quid</strong></span> <span class='ocrx_word' id='word_1_137' title='bbox 524 2083 657 2147; x_wconf 88' lang='lat' dir='ltr'><strong>temere</strong></span> <span class='ocrx_word' id='word_1_138' title='bbox 684 2079 894 2171; x_wconf 86' lang='lat' dir='ltr'><strong>attemptare</strong></span> <span class='ocrx_word' id='word_1_139' title='bbox 919 2082 1110 2172; x_wconf 90' lang='lat' dir='ltr'><strong>presumat,</strong></span> <span class='ocrx_word' id='word_1_140' title='bbox 1130 2071 1283 2172; x_wconf 90' lang='lat' dir='ltr'><strong>alioquin</strong></span> <span class='ocrx_word' id='word_1_141' title='bbox 1309 2095 1376 2146; x_wconf 91' lang='lat' dir='ltr'><strong>nos</strong></span> <span class='ocrx_word' id='word_1_142' title='bbox 1403 2085 1528 2148; x_wconf 83' lang='lat' dir='ltr'><strong>contra</strong></span> <span class='ocrx_word' id='word_1_143' title='bbox 1551 2074 1653 2174; x_wconf 89' lang='lat' dir='ltr'><strong>ipsos</strong></span> <span class='ocrx_word' id='word_1_144' title='bbox 1680 2081 1717 2148; x_wconf 91' lang='lat' dir='ltr'><strong>et</strong></span> <span class='ocrx_word' id='word_1_145' title='bbox 1743 2097 1862 2148; x_wconf 89' lang='lat' dir='ltr'><strong>eorum</strong></span> <span class='ocrx_word' id='word_1_146' title='bbox 1889 2074 2090 2174; x_wconf 86' lang='lat' dir='ltr'><strong>quemlibet,</strong></span> 
     </span>
     <span class='ocr_line' id='line_1_16' title="bbox 415 2172 2090 2279; baseline 0.002 -27"><span class='ocrx_word' id='word_1_147' title='bbox 415 2181 658 2275; x_wconf 88' lang='lat' dir='ltr'><strong>cujuscunque</strong></span> <span class='ocrx_word' id='word_1_148' title='bbox 684 2172 879 2272; x_wconf 88' lang='lat' dir='ltr'><strong>diguitatis,</strong></span> <span class='ocrx_word' id='word_1_149' title='bbox 900 2172 1047 2274; x_wconf 88' lang='lat' dir='ltr'><strong>gradus,</strong></span> <span class='ocrx_word' id='word_1_150' title='bbox 1074 2172 1208 2249; x_wconf 90' lang='lat' dir='ltr'><strong>ordinis</strong></span> <span class='ocrx_word' id='word_1_151' title='bbox 1234 2175 1293 2251; x_wconf 92' lang='lat' dir='ltr'><strong>vel</strong></span> <span class='ocrx_word' id='word_1_152' title='bbox 1319 2173 1540 2252; x_wconf 88' lang='lat' dir='ltr'><strong>condicionis</strong></span> <span class='ocrx_word' id='word_1_153' title='bbox 1566 2177 1696 2253; x_wconf 86' lang='lat' dir='ltr'><strong>fuerint</strong></span> <span class='ocrx_word' id='word_1_154' title='bbox 1720 2187 1759 2253; x_wconf 91' lang='lat' dir='ltr'><strong>et</strong></span> <span class='ocrx_word' id='word_1_155' title='bbox 1774 2201 1984 2276; x_wconf 88' lang='lat' dir='ltr'><strong>quacunque</strong></span> <span class='ocrx_word' id='word_1_156' title='bbox 2004 2203 2090 2279; x_wconf 88' lang='lat' dir='ltr'><strong>pre-</strong></span> 
     </span>
     <span class='ocr_line' id='line_1_17' title="bbox 413 2276 2090 2382; baseline 0.002 -28"><span class='ocrx_word' id='word_1_157' title='bbox 413 2277 576 2379; x_wconf 78' lang='lat' dir='ltr'><strong>fulgeant</strong></span> <span class='ocrx_word' id='word_1_158' title='bbox 600 2276 773 2377; x_wconf 88' lang='lat' dir='ltr'><strong>dignitate</strong></span> <span class='ocrx_word' id='word_1_159' title='bbox 800 2277 1059 2354; x_wconf 89' lang='lat' dir='ltr'><strong>ecclesiastica</strong></span> <span class='ocrx_word' id='word_1_160' title='bbox 1083 2278 1142 2353; x_wconf 88' lang='lat' dir='ltr'><strong>vel</strong></span> <span class='ocrx_word' id='word_1_161' title='bbox 1169 2277 1363 2370; x_wconf 76' lang='lat' dir='ltr'><strong>mundana,</strong></span> <span class='ocrx_word' id='word_1_162' title='bbox 1395 2279 1545 2379; x_wconf 86' lang='lat' dir='ltr'><strong>rigidius</strong></span> <span class='ocrx_word' id='word_1_163' title='bbox 1572 2280 1716 2380; x_wconf 87' lang='lat' dir='ltr'><strong>justitia</strong></span> <span class='ocrx_word' id='word_1_164' title='bbox 1746 2279 1925 2356; x_wconf 83' lang='lat' dir='ltr'><strong>mediante</strong></span> <span class='ocrx_word' id='word_1_165' title='bbox 1958 2305 2090 2382; x_wconf 86' lang='lat' dir='ltr'><strong>proce-</strong></span> 
     </span>
     <span class='ocr_line' id='line_1_18' title="bbox 414 2381 2090 2486; baseline 0.002 -29"><span class='ocrx_word' id='word_1_166' title='bbox 414 2381 557 2472; x_wconf 88' lang='lat' dir='ltr'><strong>demus,</strong></span> <span class='ocrx_word' id='word_1_167' title='bbox 593 2382 859 2458; x_wconf 84' lang='lat' dir='ltr'><strong>absolucionem</strong></span> <span class='ocrx_word' id='word_1_168' title='bbox 885 2405 971 2457; x_wconf 93' lang='lat' dir='ltr'><strong>vero</strong></span> <span class='ocrx_word' id='word_1_169' title='bbox 997 2382 1143 2456; x_wconf 89' lang='lat' dir='ltr'><strong>omnium</strong></span> <span class='ocrx_word' id='word_1_170' title='bbox 1179 2393 1215 2458; x_wconf 91' lang='lat' dir='ltr'><strong>et</strong></span> <span class='ocrx_word' id='word_1_171' title='bbox 1246 2382 1460 2482; x_wconf 89' lang='lat' dir='ltr'><strong>singulorum</strong></span> <span class='ocrx_word' id='word_1_172' title='bbox 1492 2384 1550 2481; x_wconf 92' lang='lat' dir='ltr'><strong>qui</strong></span> <span class='ocrx_word' id='word_1_173' title='bbox 1582 2383 1744 2486; x_wconf 83' lang='lat' dir='ltr'><strong>prelatas</strong></span> <span class='ocrx_word' id='word_1_174' title='bbox 1770 2397 1913 2460; x_wconf 89' lang='lat' dir='ltr'><strong>nostras</strong></span> <span class='ocrx_word' id='word_1_175' title='bbox 1940 2397 2090 2461; x_wconf 89' lang='lat' dir='ltr'><strong>senten·</strong></span> 
     </span>
     <span class='ocr_line' id='line_1_19' title="bbox 415 2484 2088 2589; baseline 0.001 -27"><span class='ocrx_word' id='word_1_176' title='bbox 415 2488 493 2562; x_wconf 85' lang='lat' dir='ltr'><strong>cias</strong></span> <span class='ocrx_word' id='word_1_177' title='bbox 520 2495 581 2560; x_wconf 88' lang='lat' dir='ltr'><strong>ant</strong></span> <span class='ocrx_word' id='word_1_178' title='bbox 607 2510 725 2561; x_wconf 91' lang='lat' dir='ltr'><strong>earum</strong></span> <span class='ocrx_word' id='word_1_179' title='bbox 752 2485 903 2584; x_wconf 88' lang='lat' dir='ltr'><strong>aliquam</strong></span> <span class='ocrx_word' id='word_1_180' title='bbox 929 2485 1136 2562; x_wconf 86' lang='lat' dir='ltr'><strong>incurrerint</strong></span> <span class='ocrx_word' id='word_1_181' title='bbox 1161 2484 1403 2586; x_wconf 91' lang='lat' dir='ltr'><strong>quoquomodo</strong></span> <span class='ocrx_word' id='word_1_182' title='bbox 1434 2488 1537 2562; x_wconf 90' lang='lat' dir='ltr'><strong>nobis</strong></span> <span class='ocrx_word' id='word_1_183' title='bbox 1561 2487 1621 2562; x_wconf 83' lang='lat' dir='ltr'><strong>vel</strong></span> <span class='ocrx_word' id='word_1_184' title='bbox 1648 2487 1821 2589; x_wconf 84' lang='lat' dir='ltr'><strong>superiori</strong></span> <span class='ocrx_word' id='word_1_185' title='bbox 1852 2500 1975 2562; x_wconf 88' lang='lat' dir='ltr'><strong>nostro</strong></span> <span class='ocrx_word' id='word_1_186' title='bbox 2006 2499 2088 2564; x_wconf 81' lang='lat' dir='ltr'><strong>tan·</strong></span> 
     </span>
     <span class='ocr_line' id='line_1_20' title="bbox 413 2587 2088 2688; baseline 0.003 -24"><span class='ocrx_word' id='word_1_187' title='bbox 413 2587 587 2664; x_wconf 87' lang='lat' dir='ltr'><strong>tummodo</strong></span> <span class='ocrx_word' id='word_1_188' title='bbox 614 2613 851 2663; x_wconf 87' lang='lat' dir='ltr'><strong>reservamus.</strong></span> <span class='ocrx_word' id='word_1_189' title='bbox 895 2587 935 2662; x_wconf 94' lang='lat' dir='ltr'><strong>lu</strong></span> <span class='ocrx_word' id='word_1_190' title='bbox 962 2613 1105 2688; x_wconf 91' lang='lat' dir='ltr'><strong>quorum</strong></span> <span class='ocrx_word' id='word_1_191' title='bbox 1131 2589 1279 2663; x_wconf 91' lang='lat' dir='ltr'><strong>omnium</strong></span> <span class='ocrx_word' id='word_1_192' title='bbox 1305 2601 1342 2666; x_wconf 90' lang='lat' dir='ltr'><strong>et</strong></span> <span class='ocrx_word' id='word_1_193' title='bbox 1367 2590 1581 2688; x_wconf 89' lang='lat' dir='ltr'><strong>singulorum</strong></span> <span class='ocrx_word' id='word_1_194' title='bbox 1606 2587 1713 2666; x_wconf 81' lang='lat' dir='ltr'><strong>fidem</strong></span> <span class='ocrx_word' id='word_1_195' title='bbox 1740 2601 1777 2666; x_wconf 90' lang='lat' dir='ltr'><strong>et</strong></span> <span class='ocrx_word' id='word_1_196' title='bbox 1802 2589 1955 2666; x_wconf 89' lang='lat' dir='ltr'><strong>evidens</strong></span> <span class='ocrx_word' id='word_1_197' title='bbox 1980 2591 2088 2668; x_wconf 86' lang='lat' dir='ltr'><strong>testi-</strong></span> 
     </span>
     <span class='ocr_line' id='line_1_21' title="bbox 413 2692 2084 2796; baseline 0.002 -30"><span class='ocrx_word' id='word_1_198' title='bbox 413 2693 559 2767; x_wconf 92' lang='lat' dir='ltr'><strong>mouium</strong></span> <span class='ocrx_word' id='word_1_199' title='bbox 585 2692 833 2792; x_wconf 86' lang='lat' dir='ltr'><strong>premissorum</strong></span> <span class='ocrx_word' id='word_1_200' title='bbox 858 2701 1049 2794; x_wconf 85' lang='lat' dir='ltr'><strong>presentes</strong></span> <span class='ocrx_word' id='word_1_201' title='bbox 1075 2703 1219 2768; x_wconf 90' lang='lat' dir='ltr'><strong>nostras</strong></span> <span class='ocrx_word' id='word_1_202' title='bbox 1244 2693 1381 2784; x_wconf 86' lang='lat' dir='ltr'><strong>literas,</strong></span> <span class='ocrx_word' id='word_1_203' title='bbox 1408 2695 1488 2770; x_wconf 87' lang='lat' dir='ltr'><strong>sive</strong></span> <span class='ocrx_word' id='word_1_204' title='bbox 1511 2717 1664 2796; x_wconf 89' lang='lat' dir='ltr'><strong>pressus</strong></span> <span class='ocrx_word' id='word_1_205' title='bbox 1682 2693 1856 2795; x_wconf 86' lang='lat' dir='ltr'><strong>publicum</strong></span> <span class='ocrx_word' id='word_1_206' title='bbox 1874 2695 2084 2772; x_wconf 86' lang='lat' dir='ltr'><strong>iustrumen-</strong></span> 
     </span>
    </p>

    <p class='ocr_par' dir='ltr' id='par_1_6' title="bbox 388 2790 2085 3624">
     <span class='ocr_line' id='line_1_22' title="bbox 412 2790 2083 2898; baseline 0.001 -27"><span class='ocrx_word' id='word_1_207' title='bbox 412 2809 493 2887; x_wconf 90' lang='lat' dir='ltr'><strong>mm,</strong></span> <span class='ocrx_word' id='word_1_208' title='bbox 520 2790 722 2895; x_wconf 87' lang='lat' dir='ltr'><strong>hujusmodi</strong></span> <span class='ocrx_word' id='word_1_209' title='bbox 735 2806 888 2869; x_wconf 89' lang='lat' dir='ltr'><strong>nostrum</strong></span> <span class='ocrx_word' id='word_1_210' title='bbox 915 2819 1123 2895; x_wconf 90' lang='lat' dir='ltr'><strong>processum</strong></span> <span class='ocrx_word' id='word_1_211' title='bbox 1150 2794 1455 2873; x_wconf 85' lang='lat' dir='ltr'><strong>dermuctiaciouis</strong></span> <span class='ocrx_word' id='word_1_212' title='bbox 1482 2809 1519 2874; x_wconf 91' lang='lat' dir='ltr'><strong>et</strong></span> <span class='ocrx_word' id='word_1_213' title='bbox 1543 2797 1802 2898; x_wconf 89' lang='lat' dir='ltr'><strong>publicaciouis</strong></span> <span class='ocrx_word' id='word_1_214' title='bbox 1834 2797 1868 2872; x_wconf 94' lang='lat' dir='ltr'><strong>in</strong></span> <span class='ocrx_word' id='word_1_215' title='bbox 1900 2822 1943 2874; x_wconf 91' lang='lat' dir='ltr'><strong>se</strong></span> <span class='ocrx_word' id='word_1_216' title='bbox 1968 2797 2083 2875; x_wconf 90' lang='lat' dir='ltr'><strong>couti·</strong></span> 
     </span>
     <span class='ocr_line' id='line_1_23' title="bbox 388 2897 2082 3002; baseline 0.002 -29"><span class='ocrx_word' id='word_1_217' title='bbox 388 2909 549 2983; x_wconf 80' lang='lat' dir='ltr'><strong>,nentem</strong></span> <span class='ocrx_word' id='word_1_218' title='bbox 576 2900 655 2976; x_wconf 88' lang='lat' dir='ltr'><strong>sive</strong></span> <span class='ocrx_word' id='word_1_219' title='bbox 682 2899 877 2998; x_wconf 77' lang='lat' dir='ltr'><strong>continens,</strong></span> <span class='ocrx_word' id='word_1_220' title='bbox 905 2897 1038 2976; x_wconf 88' lang='lat' dir='ltr'><strong>exinde</strong></span> <span class='ocrx_word' id='word_1_221' title='bbox 1063 2899 1139 2975; x_wconf 87' lang='lat' dir='ltr'><strong>fieri</strong></span> <span class='ocrx_word' id='word_1_222' title='bbox 1167 2911 1204 2976; x_wconf 90' lang='lat' dir='ltr'><strong>et</strong></span> <span class='ocrx_word' id='word_1_223' title='bbox 1228 2923 1294 3001; x_wconf 90' lang='lat' dir='ltr'><strong>per</strong></span> <span class='ocrx_word' id='word_1_224' title='bbox 1307 2901 1474 2975; x_wconf 89' lang='lat' dir='ltr'><strong>notarium</strong></span> <span class='ocrx_word' id='word_1_225' title='bbox 1500 2901 1675 3002; x_wconf 89' lang='lat' dir='ltr'><strong>publicum</strong></span> <span class='ocrx_word' id='word_1_226' title='bbox 1701 2915 1928 3000; x_wconf 90' lang='lat' dir='ltr'><strong>nostrumque</strong></span> <span class='ocrx_word' id='word_1_227' title='bbox 1952 2913 1988 2977; x_wconf 90' lang='lat' dir='ltr'><strong>et</strong></span> <span class='ocrx_word' id='word_1_228' title='bbox 2012 2901 2082 2976; x_wconf 85' lang='lat' dir='ltr'><strong>hn-</strong></span> 
     </span>
     <span class='ocr_line' id='line_1_24' title="bbox 404 3002 2084 3106; baseline 0.001 -28"><span class='ocrx_word' id='word_1_229' title='bbox 404 3002 563 3105; x_wconf 89' lang='lat' dir='ltr'><strong>jusmodi</strong></span> <span class='ocrx_word' id='word_1_230' title='bbox 588 3003 731 3104; x_wconf 83' lang='lat' dir='ltr'><strong>negocii</strong></span> <span class='ocrx_word' id='word_1_231' title='bbox 763 3027 882 3080; x_wconf 90' lang='lat' dir='ltr'><strong>coram</strong></span> <span class='ocrx_word' id='word_1_232' title='bbox 908 3003 1009 3078; x_wconf 90' lang='lat' dir='ltr'><strong>uobis</strong></span> <span class='ocrx_word' id='word_1_233' title='bbox 1034 3004 1189 3081; x_wconf 84' lang='lat' dir='ltr'><strong>scribam</strong></span> <span class='ocrx_word' id='word_1_234' title='bbox 1219 3003 1479 3106; x_wconf 80' lang='lat' dir='ltr'><strong>infrascriptum</strong></span> <span class='ocrx_word' id='word_1_235' title='bbox 1512 3005 1688 3080; x_wconf 87' lang='lat' dir='ltr'><strong>subscribi</strong></span> <span class='ocrx_word' id='word_1_236' title='bbox 1722 3016 1760 3080; x_wconf 91' lang='lat' dir='ltr'><strong>et</strong></span> <span class='ocrx_word' id='word_1_237' title='bbox 1784 3005 1958 3105; x_wconf 88' lang='lat' dir='ltr'><strong>publicari</strong></span> <span class='ocrx_word' id='word_1_238' title='bbox 1983 3029 2084 3080; x_wconf 90' lang='lat' dir='ltr'><strong>man-</strong></span> 
     </span>
     <span class='ocr_line' id='line_1_25' title="bbox 410 3105 2084 3208; baseline 0.001 -25"><span class='ocrx_word' id='word_1_239' title='bbox 410 3105 536 3183; x_wconf 86' lang='lat' dir='ltr'><strong>damus</strong></span> <span class='ocrx_word' id='word_1_240' title='bbox 561 3107 742 3206; x_wconf 85' lang='lat' dir='ltr'><strong>nostrique</strong></span> <span class='ocrx_word' id='word_1_241' title='bbox 774 3131 842 3205; x_wconf 92' lang='lat' dir='ltr'><strong>quo</strong></span> <span class='ocrx_word' id='word_1_242' title='bbox 876 3107 1000 3181; x_wconf 89' lang='lat' dir='ltr'><strong>utimur</strong></span> <span class='ocrx_word' id='word_1_243' title='bbox 1031 3107 1140 3206; x_wconf 86' lang='lat' dir='ltr'><strong>sigilli</strong></span> <span class='ocrx_word' id='word_1_244' title='bbox 1167 3109 1344 3206; x_wconf 89' lang='lat' dir='ltr'><strong>jussimus</strong></span> <span class='ocrx_word' id='word_1_245' title='bbox 1377 3121 1414 3183; x_wconf 90' lang='lat' dir='ltr'><strong>et</strong></span> <span class='ocrx_word' id='word_1_246' title='bbox 1439 3107 1589 3185; x_wconf 83' lang='lat' dir='ltr'><strong>lecimus</strong></span> <span class='ocrx_word' id='word_1_247' title='bbox 1620 3108 1841 3208; x_wconf 89' lang='lat' dir='ltr'><strong>appensione</strong></span> <span class='ocrx_word' id='word_1_248' title='bbox 1873 3109 2084 3184; x_wconf 86' lang='lat' dir='ltr'><strong>communiri.</strong></span> 
     </span>
     <span class='ocr_line' id='line_1_26' title="bbox 408 3209 2084 3311; baseline 0.001 -25"><span class='ocrx_word' id='word_1_249' title='bbox 408 3213 540 3288; x_wconf 89' lang='lat' dir='ltr'><strong>Datum</strong></span> <span class='ocrx_word' id='word_1_250' title='bbox 572 3224 609 3288; x_wconf 91' lang='lat' dir='ltr'><strong>et</strong></span> <span class='ocrx_word' id='word_1_251' title='bbox 640 3223 757 3286; x_wconf 85' lang='lat' dir='ltr'><strong>actum</strong></span> <span class='ocrx_word' id='word_1_252' title='bbox 789 3211 823 3284; x_wconf 93' lang='lat' dir='ltr'><strong>iu</strong></span> <span class='ocrx_word' id='word_1_253' title='bbox 857 3234 955 3286; x_wconf 90' lang='lat' dir='ltr'><strong>arce·</strong></span> <span class='ocrx_word' id='word_1_254' title='bbox 977 3221 1100 3285; x_wconf 89' lang='lat' dir='ltr'><strong>nostra</strong></span> <span class='ocrx_word' id='word_1_255' title='bbox 1129 3211 1330 3311; x_wconf 86' lang='lat' dir='ltr'><strong>episcopali</strong></span> <span class='ocrx_word' id='word_1_256' title='bbox 1362 3212 1575 3302; x_wconf 88' lang='lat' dir='ltr'><strong>Zcieser,</strong></span> <span class='ocrx_word' id='word_1_257' title='bbox 1621 3209 2084 3311; x_wconf 89' lang='lat' dir='ltr'><strong>Braudeuburgensis</strong></span> 
     </span>
     <span class='ocr_line' id='line_1_27' title="bbox 410 3311 2082 3418; baseline 0.002 -29"><span class='ocrx_word' id='word_1_258' title='bbox 410 3312 589 3406; x_wconf 85' lang='lat' dir='ltr'><strong>diocesis,</strong></span> <span class='ocrx_word' id='word_1_259' title='bbox 617 3316 683 3389; x_wconf 92' lang='lat' dir='ltr'><strong>sub</strong></span> <span class='ocrx_word' id='word_1_260' title='bbox 709 3337 801 3390; x_wconf 88' lang='lat' dir='ltr'><strong>auno</strong></span> <span class='ocrx_word' id='word_1_261' title='bbox 828 3337 852 3387; x_wconf 88' lang='lat' dir='ltr'><strong>a</strong></span> <span class='ocrx_word' id='word_1_262' title='bbox 875 3313 1061 3389; x_wconf 84' lang='lat' dir='ltr'><strong>nativitate</strong></span> <span class='ocrx_word' id='word_1_263' title='bbox 1088 3311 1215 3388; x_wconf 90' lang='lat' dir='ltr'><strong>domiui</strong></span> <span class='ocrx_word' id='word_1_264' title='bbox 1242 3315 1425 3390; x_wconf 90' lang='lat' dir='ltr'><strong>millesimo</strong></span> <span class='ocrx_word' id='word_1_265' title='bbox 1452 3315 1731 3414; x_wconf 90' lang='lat' dir='ltr'><strong>quingentesimo</strong></span> <span class='ocrx_word' id='word_1_266' title='bbox 1757 3312 2082 3418; x_wconf 89' lang='lat' dir='ltr'><strong>decimoseptimo,</strong></span> 
     </span>
     <span class='ocr_line' id='line_1_28' title="bbox 408 3415 2085 3518; baseline 0 -24"><span class='ocrx_word' id='word_1_267' title='bbox 408 3417 600 3494; x_wconf 89' lang='lat' dir='ltr'><strong>indictione</strong></span> <span class='ocrx_word' id='word_1_268' title='bbox 627 3419 758 3517; x_wconf 86' lang='lat' dir='ltr'><strong>quinta,</strong></span> <span class='ocrx_word' id='word_1_269' title='bbox 786 3415 846 3492; x_wconf 91' lang='lat' dir='ltr'><strong>die</strong></span> <span class='ocrx_word' id='word_1_270' title='bbox 871 3441 958 3492; x_wconf 89' lang='lat' dir='ltr'><strong>vero</strong></span> <span class='ocrx_word' id='word_1_271' title='bbox 985 3417 1125 3510; x_wconf 87' lang='lat' dir='ltr'><strong>Martis,</strong></span> <span class='ocrx_word' id='word_1_272' title='bbox 1152 3418 1458 3496; x_wconf 87' lang='lat' dir='ltr'><strong>vicesimaoctava</strong></span> <span class='ocrx_word' id='word_1_273' title='bbox 1482 3419 1615 3494; x_wconf 87' lang='lat' dir='ltr'><strong>mensis</strong></span> <span class='ocrx_word' id='word_1_274' title='bbox 1641 3416 1875 3518; x_wconf 84' lang='lat' dir='ltr'><strong>Septembris,</strong></span> <span class='ocrx_word' id='word_1_275' title='bbox 1901 3417 1992 3494; x_wconf 85' lang='lat' dir='ltr'><strong>bora</strong></span> <span class='ocrx_word' id='word_1_276' title='bbox 2008 3431 2085 3496; x_wconf 89' lang='lat' dir='ltr'><strong>ter-</strong></span> 
     </span>
     <span class='ocr_line' id='line_1_29' title="bbox 409 3519 2085 3624; baseline 0.001 -28"><span class='ocrx_word' id='word_1_277' title='bbox 409 3521 532 3596; x_wconf 90' lang='lat' dir='ltr'><strong>tiarum</strong></span> <span class='ocrx_word' id='word_1_278' title='bbox 558 3519 617 3597; x_wconf 89' lang='lat' dir='ltr'><strong>vel</strong></span> <span class='ocrx_word' id='word_1_279' title='bbox 644 3521 758 3620; x_wconf 90' lang='lat' dir='ltr'><strong>quasi,</strong></span> <span class='ocrx_word' id='word_1_280' title='bbox 785 3521 1012 3622; x_wconf 86' lang='lat' dir='ltr'><strong>pontificatus</strong></span> <span class='ocrx_word' id='word_1_281' title='bbox 1038 3521 1255 3596; x_wconf 84' lang='lat' dir='ltr'><strong>sanctissimi</strong></span> <span class='ocrx_word' id='word_1_282' title='bbox 1281 3523 1316 3595; x_wconf 93' lang='lat' dir='ltr'><strong>iu</strong></span> <span class='ocrx_word' id='word_1_283' title='bbox 1344 3519 1489 3599; x_wconf 85' lang='lat' dir='ltr'><strong>Christo</strong></span> <span class='ocrx_word' id='word_1_284' title='bbox 1515 3521 1627 3624; x_wconf 86' lang='lat' dir='ltr'><strong>patris</strong></span> <span class='ocrx_word' id='word_1_285' title='bbox 1654 3519 1831 3597; x_wconf 89' lang='lat' dir='ltr'><strong>etdomiui</strong></span> <span class='ocrx_word' id='word_1_286' title='bbox 1865 3523 1987 3612; x_wconf 87' lang='lat' dir='ltr'><strong>nostri,</strong></span> <span class='ocrx_word' id='word_1_287' title='bbox 2015 3520 2085 3598; x_wconf 92' lang='lat' dir='ltr'><strong>do-</strong></span> 
     </span>
    </p>

    <p class='ocr_par' dir='ltr' id='par_1_7' title="bbox 407 3622 2083 4037">
     <span class='ocr_line' id='line_1_30' title="bbox 408 3622 2083 3726; baseline 0.002 -26"><span class='ocrx_word' id='word_1_288' title='bbox 408 3625 489 3700; x_wconf 93' lang='lat' dir='ltr'><strong>miui</strong></span> <span class='ocrx_word' id='word_1_289' title='bbox 514 3625 700 3717; x_wconf 83' lang='lat' dir='ltr'><strong>Leonis,</strong></span> <span class='ocrx_word' id='word_1_290' title='bbox 728 3623 849 3698; x_wconf 88' lang='lat' dir='ltr'><strong>diviua</strong></span> <span class='ocrx_word' id='word_1_291' title='bbox 874 3622 1106 3725; x_wconf 86' lang='lat' dir='ltr'><strong>providencia</strong></span> <span class='ocrx_word' id='word_1_292' title='bbox 1130 3649 1225 3726; x_wconf 90' lang='lat' dir='ltr'><strong>pape</strong></span> <span class='ocrx_word' id='word_1_293' title='bbox 1252 3623 1393 3718; x_wconf 87' lang='lat' dir='ltr'><strong>decimi,</strong></span> <span class='ocrx_word' id='word_1_294' title='bbox 1420 3650 1511 3700; x_wconf 85' lang='lat' dir='ltr'><strong>arrrro</strong></span> <span class='ocrx_word' id='word_1_295' title='bbox 1538 3625 1673 3724; x_wconf 88' lang='lat' dir='ltr'><strong>quintu,</strong></span> <span class='ocrx_word' id='word_1_296' title='bbox 1699 3625 1926 3725; x_wconf 83' lang='lat' dir='ltr'><strong>presentibus</strong></span> <span class='ocrx_word' id='word_1_297' title='bbox 1951 3624 2083 3704; x_wconf 82' lang='lat' dir='ltr'><strong>ibidem</strong></span> 
     </span>
     <span class='ocr_line' id='line_1_31' title="bbox 407 3727 2082 3830; baseline 0.002 -28"><span class='ocrx_word' id='word_1_298' title='bbox 407 3729 682 3820; x_wconf 86' lang='lat' dir='ltr'><strong>venerabilibus,</strong></span> <span class='ocrx_word' id='word_1_299' title='bbox 717 3729 987 3830; x_wconf 88' lang='lat' dir='ltr'><strong>circumspectis</strong></span> <span class='ocrx_word' id='word_1_300' title='bbox 1021 3739 1058 3804; x_wconf 92' lang='lat' dir='ltr'><strong>et</strong></span> <span class='ocrx_word' id='word_1_301' title='bbox 1084 3728 1258 3802; x_wconf 89' lang='lat' dir='ltr'><strong>nobilibus</strong></span> <span class='ocrx_word' id='word_1_302' title='bbox 1288 3729 1394 3820; x_wconf 85' lang='lat' dir='ltr'><strong>viris,</strong></span> <span class='ocrx_word' id='word_1_303' title='bbox 1438 3727 1587 3802; x_wconf 89' lang='lat' dir='ltr'><strong>dominis</strong></span> <span class='ocrx_word' id='word_1_304' title='bbox 1620 3727 1813 3828; x_wconf 81' lang='lat' dir='ltr'><strong>Georgia</strong></span> <span class='ocrx_word' id='word_1_305' title='bbox 1849 3729 2082 3807; x_wconf 80' lang='lat' dir='ltr'><strong>Meschovr</strong></span> 
     </span>
     <span class='ocr_line' id='line_1_32' title="bbox 408 3829 2081 3934; baseline 0.002 -29"><span class='ocrx_word' id='word_1_306' title='bbox 408 3832 589 3934; x_wconf 89' lang='lat' dir='ltr'><strong>preposito</strong></span> <span class='ocrx_word' id='word_1_307' title='bbox 614 3832 866 3907; x_wconf 75' lang='lat' dir='ltr'><strong>[retzlreusi</strong></span> <span class='ocrx_word' id='word_1_308' title='bbox 900 3843 937 3907; x_wconf 91' lang='lat' dir='ltr'><strong>et</strong></span> <span class='ocrx_word' id='word_1_309' title='bbox 962 3829 1217 3908; x_wconf 87' lang='lat' dir='ltr'><strong>archidiacono</strong></span> <span class='ocrx_word' id='word_1_310' title='bbox 1244 3831 1406 3909; x_wconf 90' lang='lat' dir='ltr'><strong>ecclesie</strong></span> <span class='ocrx_word' id='word_1_311' title='bbox 1439 3830 1913 3932; x_wconf 89' lang='lat' dir='ltr'><strong>Brandcnburgeusis‚</strong></span> <span class='ocrx_word' id='word_1_312' title='bbox 1947 3833 2081 3910; x_wconf 85' lang='lat' dir='ltr'><strong>Petro</strong></span> 
     </span>
     <span class='ocr_line' id='line_1_33' title="bbox 407 3933 2083 4037; baseline 0.002 -26"><span class='ocrx_word' id='word_1_313' title='bbox 407 3935 587 4011; x_wconf 85' lang='lat' dir='ltr'><strong>Pulmau</strong></span> <span class='ocrx_word' id='word_1_314' title='bbox 605 3935 804 4037; x_wconf 90' lang='lat' dir='ltr'><strong>presbitero</strong></span> <span class='ocrx_word' id='word_1_315' title='bbox 822 3935 1023 4036; x_wconf 86' lang='lat' dir='ltr'><strong>capellano,</strong></span> <span class='ocrx_word' id='word_1_316' title='bbox 1050 3937 1087 4010; x_wconf 93' lang='lat' dir='ltr'><strong>N</strong></span> <span class='ocrx_word' id='word_1_317' title='bbox 1096 3936 1246 4011; x_wconf 89' lang='lat' dir='ltr'><strong>ioolao</strong></span> <span class='ocrx_word' id='word_1_318' title='bbox 1271 3933 1319 4011; x_wconf 93' lang='lat' dir='ltr'><strong>de</strong></span> <span class='ocrx_word' id='word_1_319' title='bbox 1337 3937 1532 4011; x_wconf 74' lang='lat' dir='ltr'><strong>[rossow</strong></span> <span class='ocrx_word' id='word_1_320' title='bbox 1550 3935 1750 4035; x_wconf 87' lang='lat' dir='ltr'><strong>capitaneo,</strong></span> <span class='ocrx_word' id='word_1_321' title='bbox 1777 3936 1911 4010; x_wconf 86' lang='lat' dir='ltr'><strong>Wolf</strong></span> <span class='ocrx_word' id='word_1_322' title='bbox 1915 3935 1935 4009; x_wconf 85' lang='lat' dir='ltr'><strong>l</strong></span> <span class='ocrx_word' id='word_1_323' title='bbox 1935 3961 2083 4036; x_wconf 84' lang='lat' dir='ltr'><strong>gango</strong></span> 
     </span>
    </p>

    <p class='ocr_par' dir='ltr' id='par_1_8' title="bbox 406 4036 2080 4141">
     <span class='ocr_line' id='line_1_34' title="bbox 406 4036 2080 4141; baseline 0.002 -28"><span class='ocrx_word' id='word_1_324' title='bbox 406 4037 455 4115; x_wconf 91' lang='lat' dir='ltr'><strong>de</strong></span> <span class='ocrx_word' id='word_1_325' title='bbox 481 4036 755 4115; x_wconf 87' lang='lat' dir='ltr'><strong>Sclriersted</strong></span> <span class='ocrx_word' id='word_1_326' title='bbox 781 4039 937 4114; x_wconf 88' lang='lat' dir='ltr'><strong>scholari</strong></span> <span class='ocrx_word' id='word_1_327' title='bbox 963 4038 1404 4139; x_wconf 88' lang='lat' dir='ltr'><strong>Brandeuburgeusi,</strong></span> <span class='ocrx_word' id='word_1_328' title='bbox 1439 4037 1642 4141; x_wconf 83' lang='lat' dir='ltr'><strong>Caspero</strong></span> <span class='ocrx_word' id='word_1_329' title='bbox 1670 4037 1717 4114; x_wconf 93' lang='lat' dir='ltr'><strong>de</strong></span> <span class='ocrx_word' id='word_1_330' title='bbox 1744 4037 1972 4139; x_wconf 86' lang='lat' dir='ltr'><strong>Schapuw</strong></span> <span class='ocrx_word' id='word_1_331' title='bbox 1999 4041 2080 4117; x_wconf 90' lang='lat' dir='ltr'><strong>cle-</strong></span> 
     </span>
    </p>

    <p class='ocr_par' dir='ltr' id='par_1_9' title="bbox 406 4137 2082 4348">
     <span class='ocr_line' id='line_1_35' title="bbox 406 4137 2082 4242; baseline 0 -24"><span class='ocrx_word' id='word_1_332' title='bbox 406 4143 481 4221; x_wconf 87' lang='lat' dir='ltr'><strong>rico</strong></span> <span class='ocrx_word' id='word_1_333' title='bbox 499 4142 737 4236; x_wconf 87' lang='lat' dir='ltr'><strong>lllisneusi,</strong></span> <span class='ocrx_word' id='word_1_334' title='bbox 763 4142 968 4218; x_wconf 86' lang='lat' dir='ltr'><strong>Jobaune</strong></span> <span class='ocrx_word' id='word_1_335' title='bbox 995 4139 1043 4219; x_wconf 92' lang='lat' dir='ltr'><strong>de</strong></span> <span class='ocrx_word' id='word_1_336' title='bbox 1062 4143 1199 4219; x_wconf 83' lang='lat' dir='ltr'><strong>Dwsz</strong></span> <span class='ocrx_word' id='word_1_337' title='bbox 1225 4155 1262 4220; x_wconf 88' lang='lat' dir='ltr'><strong>et</strong></span> <span class='ocrx_word' id='word_1_338' title='bbox 1284 4143 1516 4242; x_wconf 87' lang='lat' dir='ltr'><strong>Henniugo</strong></span> <span class='ocrx_word' id='word_1_339' title='bbox 1542 4137 1803 4218; x_wconf 88' lang='lat' dir='ltr'><strong>deBredaw</strong></span> <span class='ocrx_word' id='word_1_340' title='bbox 1827 4143 1933 4222; x_wconf 87' lang='lat' dir='ltr'><strong>laicis</strong></span> <span class='ocrx_word' id='word_1_341' title='bbox 1951 4145 2082 4242; x_wconf 88' lang='lat' dir='ltr'><strong>Mag-</strong></span> 
     </span>
     <span class='ocr_line' id='line_1_36' title="bbox 407 4243 2082 4348; baseline 0.001 -26"><span class='ocrx_word' id='word_1_342' title='bbox 407 4245 708 4345; x_wconf 87' lang='lat' dir='ltr'><strong>deburgensis</strong></span> <span class='ocrx_word' id='word_1_343' title='bbox 736 4255 773 4323; x_wconf 90' lang='lat' dir='ltr'><strong>et</strong></span> <span class='ocrx_word' id='word_1_344' title='bbox 797 4243 1251 4346; x_wconf 87' lang='lat' dir='ltr'><strong>Brandeuburgensis</strong></span> <span class='ocrx_word' id='word_1_345' title='bbox 1278 4244 1450 4340; x_wconf 87' lang='lat' dir='ltr'><strong>diocesis,</strong></span> <span class='ocrx_word' id='word_1_346' title='bbox 1483 4247 1635 4322; x_wconf 87' lang='lat' dir='ltr'><strong>testibus</strong></span> <span class='ocrx_word' id='word_1_347' title='bbox 1662 4243 1710 4321; x_wconf 83' lang='lat' dir='ltr'><strong>ad</strong></span> <span class='ocrx_word' id='word_1_348' title='bbox 1736 4247 1912 4348; x_wconf 87' lang='lat' dir='ltr'><strong>premissa</strong></span> <span class='ocrx_word' id='word_1_349' title='bbox 1938 4249 2082 4324; x_wconf 87' lang='lat' dir='ltr'><strong>vocatis</strong></span> 
     </span>
    </p>

    <p class='ocr_par' dir='ltr' id='par_1_10' title="bbox 468 4351 687 4426">
     <span class='ocr_line' id='line_1_37' title="bbox 468 4351 687 4426; baseline 0 -2"><span class='ocrx_word' id='word_1_350' title='bbox 468 4375 512 4426; x_wconf 91' lang='lat' dir='ltr'><strong>ue</strong></span> <span class='ocrx_word' id='word_1_351' title='bbox 538 4375 576 4424; x_wconf 92' lang='lat' dir='ltr'><strong>ro</strong></span> <span class='ocrx_word' id='word_1_352' title='bbox 605 4351 687 4426; x_wconf 85' lang='lat' dir='ltr'><strong>atis.</strong></span> 
     </span>
    </p>

    <p class='ocr_par' dir='ltr' id='par_1_11' title="bbox 239 4362 2080 4864">
     <span class='ocr_line' id='line_1_38' title="bbox 261 4362 2080 4554; baseline -0.002 -20"><span class='ocrx_word' id='word_1_353' title='bbox 261 4479 367 4542; x_wconf 64' lang='lat' dir='ltr'><strong>(signa</strong></span> <span class='ocrx_word' id='word_1_354' title='bbox 406 4362 465 4452; x_wconf 47' lang='lat' dir='ltr'><strong>atq</strong></span> <span class='ocrx_word' id='word_1_355' title='bbox 508 4453 559 4528; x_wconf 81' lang='lat' dir='ltr'><strong>Et</strong></span> <span class='ocrx_word' id='word_1_356' title='bbox 579 4373 655 4554; x_wconf 64' lang='lat' dir='ltr'><strong>{go</strong></span> <span class='ocrx_word' id='word_1_357' title='bbox 683 4453 844 4529; x_wconf 87' lang='lat' dir='ltr'><strong>Petrus</strong></span> <span class='ocrx_word' id='word_1_358' title='bbox 870 4449 1089 4541; x_wconf 85' lang='lat' dir='ltr'><strong>Conradi,</strong></span> <span class='ocrx_word' id='word_1_359' title='bbox 1116 4451 1272 4529; x_wconf 88' lang='lat' dir='ltr'><strong>clericus</strong></span> <span class='ocrx_word' id='word_1_360' title='bbox 1298 4453 1692 4554; x_wconf 86' lang='lat' dir='ltr'><strong>Hauelbergeusis</strong></span> <span class='ocrx_word' id='word_1_361' title='bbox 1719 4452 1887 4540; x_wconf 86' lang='lat' dir='ltr'><strong>civitatis,</strong></span> <span class='ocrx_word' id='word_1_362' title='bbox 1914 4454 2080 4554; x_wconf 83' lang='lat' dir='ltr'><strong>publicus</strong></span> 
     </span>
     <span class='ocr_line' id='line_1_39' title="bbox 239 4547 2079 4659; baseline -0.001 -26"><span class='ocrx_word' id='word_1_363' title='bbox 239 4547 388 4654; x_wconf 67' lang='lat' dir='ltr'><strong>anona.)</strong></span> <span class='ocrx_word' id='word_1_364' title='bbox 405 4559 608 4659; x_wconf 87' lang='lat' dir='ltr'><strong>apostolica</strong></span> <span class='ocrx_word' id='word_1_365' title='bbox 634 4557 845 4633; x_wconf 81' lang='lat' dir='ltr'><strong>anctoritate</strong></span> <span class='ocrx_word' id='word_1_366' title='bbox 859 4555 1057 4657; x_wconf 78' lang='lat' dir='ltr'><strong>prefatique</strong></span> <span class='ocrx_word' id='word_1_367' title='bbox 1083 4555 1275 4632; x_wconf 89' lang='lat' dir='ltr'><strong>reverendi</strong></span> <span class='ocrx_word' id='word_1_368' title='bbox 1293 4557 1328 4631; x_wconf 90' lang='lat' dir='ltr'><strong>iu</strong></span> <span class='ocrx_word' id='word_1_369' title='bbox 1346 4555 1493 4634; x_wconf 84' lang='lat' dir='ltr'><strong>Christo</strong></span> <span class='ocrx_word' id='word_1_370' title='bbox 1510 4557 1623 4658; x_wconf 87' lang='lat' dir='ltr'><strong>patris</strong></span> <span class='ocrx_word' id='word_1_371' title='bbox 1641 4567 1678 4631; x_wconf 93' lang='lat' dir='ltr'><strong>et</strong></span> <span class='ocrx_word' id='word_1_372' title='bbox 1696 4553 1836 4646; x_wconf 84' lang='lat' dir='ltr'><strong>domiui,</strong></span> <span class='ocrx_word' id='word_1_373' title='bbox 1855 4555 1947 4630; x_wconf 92' lang='lat' dir='ltr'><strong>dom.</strong></span> <span class='ocrx_word' id='word_1_374' title='bbox 1968 4559 2079 4634; x_wconf 83' lang='lat' dir='ltr'><strong>Hie-</strong></span> 
     </span>
     <span class='ocr_line' id='line_1_40' title="bbox 403 4658 2078 4762; baseline -0.001 -26"><span class='ocrx_word' id='word_1_375' title='bbox 403 4662 557 4737; x_wconf 91' lang='lat' dir='ltr'><strong>ronimi</strong></span> <span class='ocrx_word' id='word_1_376' title='bbox 583 4662 745 4762; x_wconf 87' lang='lat' dir='ltr'><strong>episcopi</strong></span> <span class='ocrx_word' id='word_1_377' title='bbox 770 4659 1223 4759; x_wconf 75' lang='lat' dir='ltr'><strong>brandenburgensis</strong></span> <span class='ocrx_word' id='word_1_378' title='bbox 1249 4658 1388 4760; x_wconf 86' lang='lat' dir='ltr'><strong>judicis</strong></span> <span class='ocrx_word' id='word_1_379' title='bbox 1415 4675 1452 4736; x_wconf 90' lang='lat' dir='ltr'><strong>et</strong></span> <span class='ocrx_word' id='word_1_380' title='bbox 1477 4659 1705 4758; x_wconf 84' lang='lat' dir='ltr'><strong>exequutoris</strong></span> <span class='ocrx_word' id='word_1_381' title='bbox 1732 4683 1918 4735; x_wconf 82' lang='lat' dir='ltr'><strong>causamn</strong></span> <span class='ocrx_word' id='word_1_382' title='bbox 1946 4675 1984 4736; x_wconf 93' lang='lat' dir='ltr'><strong>et</strong></span> <span class='ocrx_word' id='word_1_383' title='bbox 2008 4662 2078 4736; x_wconf 90' lang='lat' dir='ltr'><strong>lrn-</strong></span> 
     </span>
     <span class='ocr_line' id='line_1_41' title="bbox 400 4761 2076 4864; baseline 0.002 -27"><span class='ocrx_word' id='word_1_384' title='bbox 400 4763 559 4864; x_wconf 89' lang='lat' dir='ltr'><strong>jnsmodi</strong></span> <span class='ocrx_word' id='word_1_385' title='bbox 590 4765 723 4864; x_wconf 89' lang='lat' dir='ltr'><strong>negotii</strong></span> <span class='ocrx_word' id='word_1_386' title='bbox 756 4787 874 4840; x_wconf 90' lang='lat' dir='ltr'><strong>coram</strong></span> <span class='ocrx_word' id='word_1_387' title='bbox 908 4787 978 4838; x_wconf 90' lang='lat' dir='ltr'><strong>sua</strong></span> <span class='ocrx_word' id='word_1_388' title='bbox 1006 4761 1208 4840; x_wconf 85' lang='lat' dir='ltr'><strong>reverenda</strong></span> <span class='ocrx_word' id='word_1_389' title='bbox 1231 4765 1444 4864; x_wconf 85' lang='lat' dir='ltr'><strong>paternitate</strong></span> <span class='ocrx_word' id='word_1_390' title='bbox 1471 4763 1628 4837; x_wconf 91' lang='lat' dir='ltr'><strong>notarius</strong></span> <span class='ocrx_word' id='word_1_391' title='bbox 1661 4774 1699 4838; x_wconf 92' lang='lat' dir='ltr'><strong>et</strong></span> <span class='ocrx_word' id='word_1_392' title='bbox 1724 4764 1846 4840; x_wconf 88' lang='lat' dir='ltr'><strong>scriba</strong></span> <span class='ocrx_word' id='word_1_393' title='bbox 1871 4761 2076 4864; x_wconf 74' lang='lat' dir='ltr'><strong>deputatus,</strong></span> 
     </span>
    </p>

    <p class='ocr_par' dir='ltr' id='par_1_12' title="bbox 405 4866 2076 4968">
     <span class='ocr_line' id='line_1_42' title="bbox 405 4866 2076 4968; baseline 0.002 -28"><span class='ocrx_word' id='word_1_394' title='bbox 405 4867 488 4968; x_wconf 89' lang='lat' dir='ltr'><strong>quia</strong></span> <span class='ocrx_word' id='word_1_395' title='bbox 512 4866 748 4967; x_wconf 86' lang='lat' dir='ltr'><strong>predictarum</strong></span> <span class='ocrx_word' id='word_1_396' title='bbox 774 4868 953 4944; x_wconf 80' lang='lat' dir='ltr'><strong>literarum</strong></span> <span class='ocrx_word' id='word_1_397' title='bbox 978 4867 1252 4967; x_wconf 84' lang='lat' dir='ltr'><strong>apostolicamm</strong></span> <span class='ocrx_word' id='word_1_398' title='bbox 1277 4869 1314 4942; x_wconf 93' lang='lat' dir='ltr'><strong>iu</strong></span> <span class='ocrx_word' id='word_1_399' title='bbox 1339 4867 1451 4942; x_wconf 82' lang='lat' dir='ltr'><strong>forma</strong></span> <span class='ocrx_word' id='word_1_400' title='bbox 1474 4867 1594 4943; x_wconf 87' lang='lat' dir='ltr'><strong>brevis</strong></span> <span class='ocrx_word' id='word_1_401' title='bbox 1611 4867 1803 4968; x_wconf 89' lang='lat' dir='ltr'><strong>apostolici</strong></span> <span class='ocrx_word' id='word_1_402' title='bbox 1821 4891 2076 4944; x_wconf 86' lang='lat' dir='ltr'><strong>concessarum</strong></span> 
     </span>
    </p>
   </div>
   <div class='ocr_carea' id='block_1_4' title="bbox 404 4967 2075 5073">
    <p class='ocr_par' dir='ltr' id='par_1_13' title="bbox 404 4967 2075 5073">
     <span class='ocr_line' id='line_1_43' title="bbox 404 4967 2075 5073; baseline 0.003 -29"><span class='ocrx_word' id='word_1_403' title='bbox 404 4971 658 5073; x_wconf 87' lang='lat' dir='ltr'><strong>presentationi</strong></span> <span class='ocrx_word' id='word_1_404' title='bbox 691 4981 729 5048; x_wconf 90' lang='lat' dir='ltr'><strong>et</strong></span> <span class='ocrx_word' id='word_1_405' title='bbox 758 4971 955 5072; x_wconf 88' lang='lat' dir='ltr'><strong>receptioni</strong></span> <span class='ocrx_word' id='word_1_406' title='bbox 986 4993 1254 5073; x_wconf 85' lang='lat' dir='ltr'><strong>processusque</strong></span> <span class='ocrx_word' id='word_1_407' title='bbox 1286 4967 1489 5071; x_wconf 86' lang='lat' dir='ltr'><strong>hujusmodi</strong></span> <span class='ocrx_word' id='word_1_408' title='bbox 1527 4969 1687 5073; x_wconf 90' lang='lat' dir='ltr'><strong>petitioni</strong></span> <span class='ocrx_word' id='word_1_409' title='bbox 1718 4981 1756 5046; x_wconf 90' lang='lat' dir='ltr'><strong>et</strong></span> <span class='ocrx_word' id='word_1_410' title='bbox 1789 4968 1937 5047; x_wconf 87' lang='lat' dir='ltr'><strong>decreto</strong></span> <span class='ocrx_word' id='word_1_411' title='bbox 1964 4973 2075 5049; x_wconf 87' lang='lat' dir='ltr'><strong>omui·</strong></span> 
     </span>
    </p>
   </div>
   <div class='ocr_carea' id='block_1_5' title="bbox 0 0 2280 5786">
    <p class='ocr_par' dir='ltr' id='par_1_14' title="bbox 0 0 2280 5786">
     <span class='ocr_line' id='line_1_44' title="bbox 0 0 2280 5786; baseline 0 2"><span class='ocrx_word' id='word_1_412' title='bbox 0 0 2280 5786; x_wconf 95' lang='lat' dir='ltr'><strong> </strong></span> 
     </span>
    </p>
   </div>
  </div>
 </body>
</html>
