<?xml version="1.0" encoding="UTF-8"?>
<!DOCTYPE html PUBLIC "-//W3C//DTD XHTML 1.0 Transitional//EN"
    "http://www.w3.org/TR/xhtml1/DTD/xhtml1-transitional.dtd">
<html xmlns="http://www.w3.org/1999/xhtml" xml:lang="en" lang="en">
 <head>
  <title>
</title>
<meta http-equiv="Content-Type" content="text/html;charset=utf-8" />
  <meta name='ocr-system' content='tesseract 3.04.00' />
  <meta name='ocr-capabilities' content='ocr_page ocr_carea ocr_par ocr_line ocrx_word'/>
</head>
<body>
  <div class='ocr_page' id='page_1' title='image "./urkundenzurgesc00stengoog_0281.png"; bbox 0 0 4660 5762; ppageno 0'>
   <div class='ocr_carea' id='block_1_1' title="bbox 320 505 1439 584">
    <p class='ocr_par' dir='ltr' id='par_1_1' title="bbox 320 505 1439 584">
     <span class='ocr_line' id='line_1_1' title="bbox 320 505 1439 584; baseline -0.008 1"><span class='ocrx_word' id='word_1_1' title='bbox 320 559 329 574; x_wconf 69' lang='lat'>=</span> <span class='ocrx_word' id='word_1_2' title='bbox 391 507 463 584; x_wconf 77' lang='lat' dir='ltr'><strong>ltu</strong></span> <span class='ocrx_word' id='word_1_3' title='bbox 1015 505 1225 579; x_wconf 68' lang='lat' dir='ltr'><strong>Urbumdem</strong></span> <span class='ocrx_word' id='word_1_4' title='bbox 1284 505 1439 578; x_wconf 81' lang='lat' dir='ltr'><strong><em>CLXX.</em></strong></span> 
     </span>
    </p>
   </div>
   <div class='ocr_carea' id='block_1_2' title="bbox 251 705 2243 3609">
    <p class='ocr_par' dir='ltr' id='par_1_2' title="bbox 287 705 2205 1435">
     <span class='ocr_line' id='line_1_2' title="bbox 287 705 2078 810; baseline -0.003 -20"><span class='ocrx_word' id='word_1_5' title='bbox 287 765 291 772; x_wconf 90' lang='lat'><em>-</em></span> <span class='ocrx_word' id='word_1_6' title='bbox 387 711 495 790; x_wconf 81' lang='lat' dir='ltr'><strong>ritate</strong></span> <span class='ocrx_word' id='word_1_7' title='bbox 512 705 931 810; x_wconf 80' lang='lat' dir='ltr'><strong>ordinaria-postmodum</strong></span> <span class='ocrx_word' id='word_1_8' title='bbox 946 708 1168 802; x_wconf 80' lang='lat' dir='ltr'><strong>confirmate,</strong></span> <span class='ocrx_word' id='word_1_9' title='bbox 1194 731 1273 800; x_wconf 83' lang='lat' dir='ltr'><strong>nos,</strong></span> <span class='ocrx_word' id='word_1_10' title='bbox 1296 708 1542 786; x_wconf 73' lang='lat' dir='ltr'><strong>nichilminus</strong></span> <span class='ocrx_word' id='word_1_11' title='bbox 1558 705 1739 784; x_wconf 75' lang='lat' dir='ltr'><strong>mundatis</strong></span> <span class='ocrx_word' id='word_1_12' title='bbox 1754 707 1972 810; x_wconf 74' lang='lat' dir='ltr'><strong>spostolic&#39;s</strong></span> <span class='ocrx_word' id='word_1_13' title='bbox 1989 709 2078 784; x_wconf 90' lang='lat' dir='ltr'><strong>obe·</strong></span> 
     </span>
     <span class='ocr_line' id='line_1_3' title="bbox 385 811 2078 913; baseline -0.005 -19"><span class='ocrx_word' id='word_1_14' title='bbox 385 815 466 894; x_wconf 78' lang='lat' dir='ltr'><strong>tlir&#39;e</strong></span> <span class='ocrx_word' id='word_1_15' title='bbox 497 815 663 891; x_wconf 85' lang='lat' dir='ltr'><strong>volentes</strong></span> <span class='ocrx_word' id='word_1_16' title='bbox 693 837 738 889; x_wconf 86' lang='lat' dir='ltr'><strong>oc</strong></span> <span class='ocrx_word' id='word_1_17' title='bbox 762 811 893 912; x_wconf 74' lang='lat' dir='ltr'><strong>prelati</strong></span> <span class='ocrx_word' id='word_1_18' title='bbox 923 811 1096 913; x_wconf 88' lang='lat' dir='ltr'><strong>principis</strong></span> <span class='ocrx_word' id='word_1_19' title='bbox 1126 811 1278 888; x_wconf 82' lang='lat' dir='ltr'><strong>salutem</strong></span> <span class='ocrx_word' id='word_1_20' title='bbox 1301 825 1453 912; x_wconf 89' lang='lat' dir='ltr'><strong>paterno</strong></span> <span class='ocrx_word' id='word_1_21' title='bbox 1482 813 1615 888; x_wconf 77' lang='lat' dir='ltr'><strong>affeetu</strong></span> <span class='ocrx_word' id='word_1_22' title='bbox 1645 825 1930 913; x_wconf 76' lang='lat' dir='ltr'><strong>prosequentes,</strong></span> <span class='ocrx_word' id='word_1_23' title='bbox 1963 811 2078 913; x_wconf 73' lang='lat' dir='ltr'><strong>ipsun</strong></span> 
     </span>
     <span class='ocr_line' id='line_1_4' title="bbox 386 914 2080 1023; baseline -0.002 -27"><span class='ocrx_word' id='word_1_24' title='bbox 386 917 597 1023; x_wconf 88' lang='lat' dir='ltr'><strong>principem,</strong></span> <span class='ocrx_word' id='word_1_25' title='bbox 615 919 705 993; x_wconf 84' lang='lat' dir='ltr'><strong>licet</strong></span> <span class='ocrx_word' id='word_1_26' title='bbox 717 916 811 991; x_wconf 89' lang='lat' dir='ltr'><strong>alias</strong></span> <span class='ocrx_word' id='word_1_27' title='bbox 829 914 964 1016; x_wconf 76' lang='lat' dir='ltr'><strong>pluries</strong></span> <span class='ocrx_word' id='word_1_28' title='bbox 982 925 1020 992; x_wconf 92' lang='lat' dir='ltr'><strong>et</strong></span> <span class='ocrx_word' id='word_1_29' title='bbox 1037 915 1172 1016; x_wconf 82' lang='lat' dir='ltr'><strong>plruies</strong></span> <span class='ocrx_word' id='word_1_30' title='bbox 1189 916 1362 1008; x_wconf 87' lang='lat' dir='ltr'><strong>monitum,</strong></span> <span class='ocrx_word' id='word_1_31' title='bbox 1378 941 1429 993; x_wconf 83' lang='lat' dir='ltr'><strong>ex</strong></span> <span class='ocrx_word' id='word_1_32' title='bbox 1446 914 1664 991; x_wconf 83' lang='lat' dir='ltr'><strong>baburrdonti</strong></span> <span class='ocrx_word' id='word_1_33' title='bbox 1680 928 1799 992; x_wconf 63' lang='lat' dir='ltr'><strong>umen</strong></span> <span class='ocrx_word' id='word_1_34' title='bbox 1818 927 1858 993; x_wconf 87' lang='lat' dir='ltr'><strong>et</strong></span> <span class='ocrx_word' id='word_1_35' title='bbox 1873 925 2080 1018; x_wconf 85' lang='lat' dir='ltr'><strong>perempto·</strong></span> 
     </span>
     <span class='ocr_line' id='line_1_5' title="bbox 385 1012 2205 1204; baseline -0.003 0"><span class='ocrx_word' id='word_1_36' title='bbox 385 1021 443 1204; x_wconf 65' lang='lat'><strong>¹1⁵⁰</strong></span> <span class='ocrx_word' id='word_1_37' title='bbox 451 1047 538 1201; x_wconf 66' lang='lat' dir='ltr'><strong>rb}</strong></span> <span class='ocrx_word' id='word_1_38' title='bbox 541 1012 787 1200; x_wconf 62' lang='lat' dir='ltr'><strong>„tibin</strong></span> <span class='ocrx_word' id='word_1_39' title='bbox 813 1018 1170 1200; x_wconf 59' lang='lat' dir='ltr'><strong>territet</strong></span> <span class='ocrx_word' id='word_1_40' title='bbox 1192 1017 1399 1198; x_wconf 57' lang='lat'><strong>3⁰:12⁶?</strong></span> <span class='ocrx_word' id='word_1_41' title='bbox 1407 1021 1488 1198; x_wconf 70' lang='lat' dir='ltr'><strong>‘tl</strong></span> <span class='ocrx_word' id='word_1_42' title='bbox 1500 1017 1720 1200; x_wconf 66' lang='lat' dir='ltr'><strong>bulci</strong></span> <span class='ocrx_word' id='word_1_43' title='bbox 1724 1044 1872 1199; x_wconf 60' lang='lat' dir='ltr'><strong>&#39;tter</strong></span> <span class='ocrx_word' id='word_1_44' title='bbox 1882 1043 1949 1198; x_wconf 67' lang='lat' dir='ltr'><strong>”ll</strong></span> <span class='ocrx_word' id='word_1_45' title='bbox 1963 1029 2081 1198; x_wconf 65' lang='lat' dir='ltr'><strong>:tc</strong></span> <span class='ocrx_word' id='word_1_46' title='bbox 2168 1046 2205 1096; x_wconf 78' lang='lat'><strong>²</strong></span> 
     </span>
     <span class='ocr_line' id='line_1_6' title="bbox 387 1147 2081 1330; baseline -0.004 -24"><span class='ocrx_word' id='word_1_47' title='bbox 387 1152 530 1306; x_wconf 55' lang='lat' dir='ltr'><strong>roboret</strong></span> <span class='ocrx_word' id='word_1_48' title='bbox 546 1225 711 1329; x_wconf 86' lang='lat' dir='ltr'><strong>predicto</strong></span> <span class='ocrx_word' id='word_1_49' title='bbox 726 1179 868 1302; x_wconf 80' lang='lat' dir='ltr'><strong>domino</strong></span> <span class='ocrx_word' id='word_1_50' title='bbox 885 1228 1074 1330; x_wconf 88' lang='lat' dir='ltr'><strong>episcopo,</strong></span> <span class='ocrx_word' id='word_1_51' title='bbox 1094 1227 1194 1304; x_wconf 91' lang='lat' dir='ltr'><strong>clero</strong></span> <span class='ocrx_word' id='word_1_52' title='bbox 1212 1147 1432 1304; x_wconf 55' lang='lat' dir='ltr'><strong>etgccdledide</strong></span> <span class='ocrx_word' id='word_1_53' title='bbox 1448 1221 1514 1302; x_wconf 83' lang='lat' dir='ltr'><strong>sne</strong></span> <span class='ocrx_word' id='word_1_54' title='bbox 1532 1225 1580 1302; x_wconf 91' lang='lat' dir='ltr'><strong>de</strong></span> <span class='ocrx_word' id='word_1_55' title='bbox 1598 1225 1761 1328; x_wconf 79' lang='lat' dir='ltr'><strong>dampnis</strong></span> <span class='ocrx_word' id='word_1_56' title='bbox 1777 1238 1819 1302; x_wconf 93' lang='lat' dir='ltr'><strong>et</strong></span> <span class='ocrx_word' id='word_1_57' title='bbox 1833 1177 1974 1326; x_wconf 60' lang='lat' dir='ltr'><strong>injuriis</strong></span> <span class='ocrx_word' id='word_1_58' title='bbox 1988 1226 2081 1302; x_wconf 87' lang='lat' dir='ltr'><strong>mul·</strong></span> 
     </span>
     <span class='ocr_line' id='line_1_7' title="bbox 387 1329 2081 1435; baseline -0.004 -25"><span class='ocrx_word' id='word_1_59' title='bbox 387 1333 556 1435; x_wconf 88' lang='lat' dir='ltr'><strong>tiplioiter</strong></span> <span class='ocrx_word' id='word_1_60' title='bbox 570 1331 739 1430; x_wconf 82' lang='lat' dir='ltr'><strong>irrogetis</strong></span> <span class='ocrx_word' id='word_1_61' title='bbox 756 1343 796 1406; x_wconf 92' lang='lat' dir='ltr'><strong>et</strong></span> <span class='ocrx_word' id='word_1_62' title='bbox 811 1355 835 1406; x_wconf 88' lang='lat' dir='ltr'><strong>a</strong></span> <span class='ocrx_word' id='word_1_63' title='bbox 852 1331 1028 1406; x_wconf 87' lang='lat' dir='ltr'><strong>molestiis</strong></span> <span class='ocrx_word' id='word_1_64' title='bbox 1046 1357 1092 1408; x_wconf 89' lang='lat' dir='ltr'><strong>ac</strong></span> <span class='ocrx_word' id='word_1_65' title='bbox 1110 1331 1374 1430; x_wconf 69' lang='lat' dir='ltr'><strong>gravaminibus</strong></span> <span class='ocrx_word' id='word_1_66' title='bbox 1390 1331 1425 1404; x_wconf 92' lang='lat' dir='ltr'><strong>in</strong></span> <span class='ocrx_word' id='word_1_67' title='bbox 1444 1331 1570 1429; x_wconf 89' lang='lat' dir='ltr'><strong>quibus</strong></span> <span class='ocrx_word' id='word_1_68' title='bbox 1584 1343 1797 1430; x_wconf 83' lang='lat' dir='ltr'><strong>perseverat</strong></span> <span class='ocrx_word' id='word_1_69' title='bbox 1813 1331 1982 1405; x_wconf 90' lang='lat' dir='ltr'><strong>continue</strong></span> <span class='ocrx_word' id='word_1_70' title='bbox 1998 1329 2081 1404; x_wconf 86' lang='lat' dir='ltr'><strong>ani·</strong></span> 
     </span>
    </p>

    <p class='ocr_par' dir='ltr' id='par_1_3' title="bbox 251 1431 2082 1532">
     <span class='ocr_line' id='line_1_8' title="bbox 251 1431 2082 1532; baseline -0.002 -20"><span class='ocrx_word' id='word_1_71' title='bbox 251 1461 277 1514; x_wconf 86' lang='lat' dir='ltr'><strong>r.</strong></span> <span class='ocrx_word' id='word_1_72' title='bbox 294 1461 355 1514; x_wconf 79' lang='lat' dir='ltr'><strong>mm</strong></span> <span class='ocrx_word' id='word_1_73' title='bbox 385 1458 477 1514; x_wconf 84' lang='lat' dir='ltr'><strong>raum</strong></span> <span class='ocrx_word' id='word_1_74' title='bbox 501 1447 705 1513; x_wconf 82' lang='lat' dir='ltr'><strong>revocaret.</strong></span> <span class='ocrx_word' id='word_1_75' title='bbox 748 1434 818 1524; x_wconf 81' lang='lat' dir='ltr'><strong>Qui</strong></span> <span class='ocrx_word' id='word_1_76' title='bbox 841 1435 909 1509; x_wconf 86' lang='lat' dir='ltr'><strong>sub</strong></span> <span class='ocrx_word' id='word_1_77' title='bbox 932 1459 1026 1510; x_wconf 91' lang='lat' dir='ltr'><strong>anuo</strong></span> <span class='ocrx_word' id='word_1_78' title='bbox 1050 1433 1181 1510; x_wconf 83' lang='lat' dir='ltr'><strong>domini</strong></span> <span class='ocrx_word' id='word_1_79' title='bbox 1198 1431 1465 1514; x_wconf 76' lang='lat' dir='ltr'>MCCLXXX</span> <span class='ocrx_word' id='word_1_80' title='bbox 1484 1433 1602 1532; x_wconf 77' lang='lat' dir='ltr'><strong>quint]</strong></span> <span class='ocrx_word' id='word_1_81' title='bbox 1620 1434 1654 1508; x_wconf 92' lang='lat' dir='ltr'><strong>in</strong></span> <span class='ocrx_word' id='word_1_82' title='bbox 1673 1435 1832 1510; x_wconf 78' lang='lat' dir='ltr'><strong>orastim</strong></span> <span class='ocrx_word' id='word_1_83' title='bbox 1849 1433 2082 1510; x_wconf 66' lang='lat' dir='ltr'><strong>mendonis</strong></span> 
     </span>
    </p>

    <p class='ocr_par' dir='ltr' id='par_1_4' title="bbox 268 1533 2084 2778">
     <span class='ocr_line' id='line_1_9' title="bbox 268 1533 2081 1639; baseline -0.003 -23"><span class='ocrx_word' id='word_1_84' title='bbox 268 1589 271 1594; x_wconf 92' lang='lat'>-</span> <span class='ocrx_word' id='word_1_85' title='bbox 386 1538 566 1619; x_wconf 79' lang='lat' dir='ltr'><strong>dominice</strong></span> <span class='ocrx_word' id='word_1_86' title='bbox 581 1539 617 1613; x_wconf 91' lang='lat' dir='ltr'><strong>in</strong></span> <span class='ocrx_word' id='word_1_87' title='bbox 635 1539 784 1614; x_wconf 76' lang='lat' dir='ltr'><strong>civitate</strong></span> <span class='ocrx_word' id='word_1_88' title='bbox 802 1537 942 1614; x_wconf 82' lang='lat' dir='ltr'><strong>Wrnt.</strong></span> <span class='ocrx_word' id='word_1_89' title='bbox 961 1536 1115 1616; x_wconf 89' lang='lat' dir='ltr'><strong>eundem</strong></span> <span class='ocrx_word' id='word_1_90' title='bbox 1132 1539 1326 1639; x_wconf 88' lang='lat' dir='ltr'><strong>principem</strong></span> <span class='ocrx_word' id='word_1_91' title='bbox 1342 1537 1583 1638; x_wconf 70' lang='lat' dir='ltr'><strong>personaliter</strong></span> <span class='ocrx_word' id='word_1_92' title='bbox 1598 1549 1823 1626; x_wconf 74' lang='lat' dir='ltr'><strong>masuerum,</strong></span> <span class='ocrx_word' id='word_1_93' title='bbox 1851 1533 1901 1610; x_wconf 81' lang='lat' dir='ltr'><strong>ad</strong></span> <span class='ocrx_word' id='word_1_94' title='bbox 1915 1536 2081 1611; x_wconf 74' lang='lat' dir='ltr'><strong>‘satisfu-</strong></span> 
     </span>
     <span class='ocr_line' id='line_1_10' title="bbox 386 1639 2083 1743; baseline -0.004 -21"><span class='ocrx_word' id='word_1_95' title='bbox 386 1640 554 1722; x_wconf 87' lang='lat' dir='ltr'><strong>ciendum</strong></span> <span class='ocrx_word' id='word_1_96' title='bbox 578 1640 626 1718; x_wconf 91' lang='lat' dir='ltr'><strong>de</strong></span> <span class='ocrx_word' id='word_1_97' title='bbox 650 1641 857 1743; x_wconf 86' lang='lat' dir='ltr'><strong>premissis,</strong></span> <span class='ocrx_word' id='word_1_98' title='bbox 884 1641 953 1718; x_wconf 86' lang='lat' dir='ltr'><strong>sibi</strong></span> <span class='ocrx_word' id='word_1_99' title='bbox 977 1640 1124 1716; x_wconf 84' lang='lat' dir='ltr'><strong>duorum</strong></span> <span class='ocrx_word' id='word_1_100' title='bbox 1149 1640 1428 1718; x_wconf 77' lang='lat' dir='ltr'>ebdomadarum</span> <span class='ocrx_word' id='word_1_101' title='bbox 1453 1641 1614 1742; x_wconf 77' lang='lat' dir='ltr'><strong>spacium</strong></span> <span class='ocrx_word' id='word_1_102' title='bbox 1646 1641 1901 1740; x_wconf 83' lang='lat' dir='ltr'><strong>assignantes,</strong></span> <span class='ocrx_word' id='word_1_103' title='bbox 1937 1651 1976 1716; x_wconf 87' lang='lat' dir='ltr'><strong>et</strong></span> <span class='ocrx_word' id='word_1_104' title='bbox 1997 1639 2083 1740; x_wconf 76' lang='lat' dir='ltr'><strong>quia</strong></span> 
     </span>
     <span class='ocr_line' id='line_1_11' title="bbox 387 1743 2083 1845; baseline -0.001 -23"><span class='ocrx_word' id='word_1_105' title='bbox 387 1747 526 1822; x_wconf 84' lang='lat' dir='ltr'><strong>nostris</strong></span> <span class='ocrx_word' id='word_1_106' title='bbox 543 1745 762 1822; x_wconf 79' lang='lat' dir='ltr'><strong>salutaribus</strong></span> <span class='ocrx_word' id='word_1_107' title='bbox 786 1745 927 1820; x_wconf 86' lang='lat' dir='ltr'><strong>monitis</strong></span> <span class='ocrx_word' id='word_1_108' title='bbox 952 1747 1285 1845; x_wconf 83' lang='lat' dir='ltr'><strong>acquiesceremus</strong></span> <span class='ocrx_word' id='word_1_109' title='bbox 1312 1769 1460 1836; x_wconf 77' lang='lat' dir='ltr'><strong>crimnis,</strong></span> <span class='ocrx_word' id='word_1_110' title='bbox 1493 1749 1621 1845; x_wconf 88' lang='lat' dir='ltr'><strong>pejora</strong></span> <span class='ocrx_word' id='word_1_111' title='bbox 1646 1743 1749 1818; x_wconf 75' lang='lat' dir='ltr'><strong>malis</strong></span> <span class='ocrx_word' id='word_1_112' title='bbox 1774 1743 1931 1820; x_wconf 87' lang='lat' dir='ltr'><strong>cumulat</strong></span> <span class='ocrx_word' id='word_1_113' title='bbox 1947 1753 1987 1819; x_wconf 88' lang='lat' dir='ltr'><strong>et</strong></span> <span class='ocrx_word' id='word_1_114' title='bbox 2004 1747 2083 1843; x_wconf 83' lang='lat' dir='ltr'><strong>jam</strong></span> 
     </span>
     <span class='ocr_line' id='line_1_12' title="bbox 386 1847 2084 2027; baseline -0.003 -100"><span class='ocrx_word' id='word_1_115' title='bbox 386 1849 513 1927; x_wconf 87' lang='lat' dir='ltr'><strong>timore</strong></span> <span class='ocrx_word' id='word_1_116' title='bbox 530 1847 592 1926; x_wconf 88' lang='lat' dir='ltr'><strong>dei</strong></span> <span class='ocrx_word' id='word_1_117' title='bbox 608 1851 811 2027; x_wconf 61' lang='lat' dir='ltr'><strong>posposito</strong></span> <span class='ocrx_word' id='word_1_118' title='bbox 828 1873 983 1948; x_wconf 68' lang='lat' dir='ltr'><strong>gramme</strong></span> <span class='ocrx_word' id='word_1_119' title='bbox 1000 1849 1177 1950; x_wconf 81' lang='lat' dir='ltr'><strong>prelatum</strong></span> <span class='ocrx_word' id='word_1_120' title='bbox 1196 1849 1393 1926; x_wconf 87' lang='lat' dir='ltr'><strong>ecclesiam</strong></span> <span class='ocrx_word' id='word_1_121' title='bbox 1412 1871 1480 1923; x_wconf 90' lang='lat' dir='ltr'><strong>non</strong></span> <span class='ocrx_word' id='word_1_122' title='bbox 1498 1847 1660 1940; x_wconf 88' lang='lat' dir='ltr'><strong>desistit,</strong></span> <span class='ocrx_word' id='word_1_123' title='bbox 1687 1871 1755 1922; x_wconf 88' lang='lat' dir='ltr'><strong>noa</strong></span> <span class='ocrx_word' id='word_1_124' title='bbox 1771 1847 1952 1940; x_wconf 85' lang='lat' dir='ltr'><strong>volentes,</strong></span> <span class='ocrx_word' id='word_1_125' title='bbox 1978 1857 2084 1948; x_wconf 86' lang='lat' dir='ltr'><strong>prout</strong></span> 
     </span>
     <span class='ocr_line' id='line_1_13' title="bbox 387 1950 2082 2054; baseline -0.002 -24"><span class='ocrx_word' id='word_1_126' title='bbox 387 1967 567 2040; x_wconf 77' lang='lat' dir='ltr'><strong>tenerur,</strong></span> <span class='ocrx_word' id='word_1_127' title='bbox 599 1977 679 2028; x_wconf 88' lang='lat' dir='ltr'><strong>mao</strong></span> <span class='ocrx_word' id='word_1_128' title='bbox 707 1954 778 2044; x_wconf 84' lang='lat' dir='ltr'><strong>atis</strong></span> <span class='ocrx_word' id='word_1_129' title='bbox 802 1953 1017 2053; x_wconf 85' lang='lat' dir='ltr'><strong>apostolicis</strong></span> <span class='ocrx_word' id='word_1_130' title='bbox 1041 1951 1208 2044; x_wconf 89' lang='lat' dir='ltr'><strong>obedire,</strong></span> <span class='ocrx_word' id='word_1_131' title='bbox 1241 1951 1427 2054; x_wconf 87' lang='lat' dir='ltr'><strong>predictas</strong></span> <span class='ocrx_word' id='word_1_132' title='bbox 1459 1953 1669 2029; x_wconf 83' lang='lat' dir='ltr'><strong>sentencias</strong></span> <span class='ocrx_word' id='word_1_133' title='bbox 1694 1950 2082 2032; x_wconf 71' lang='lat' dir='ltr'><strong>excummunicacionis</strong></span> 
     </span>
     <span class='ocr_line' id='line_1_14' title="bbox 390 2053 2082 2156; baseline -0.004 -20"><span class='ocrx_word' id='word_1_134' title='bbox 390 2070 428 2136; x_wconf 88' lang='lat' dir='ltr'><strong>et</strong></span> <span class='ocrx_word' id='word_1_135' title='bbox 450 2054 648 2148; x_wconf 77' lang='lat' dir='ltr'><strong>interdicti,</strong></span> <span class='ocrx_word' id='word_1_136' title='bbox 676 2079 768 2156; x_wconf 87' lang='lat' dir='ltr'><strong>quas</strong></span> <span class='ocrx_word' id='word_1_137' title='bbox 792 2057 928 2133; x_wconf 72' lang='lat' dir='ltr'><strong>smmrrs</strong></span> <span class='ocrx_word' id='word_1_138' title='bbox 950 2057 1216 2134; x_wconf 77' lang='lat' dir='ltr'><strong>racionabiliter</strong></span> <span class='ocrx_word' id='word_1_139' title='bbox 1239 2067 1277 2134; x_wconf 87' lang='lat' dir='ltr'><strong>et</strong></span> <span class='ocrx_word' id='word_1_140' title='bbox 1299 2056 1474 2154; x_wconf 74' lang='lat' dir='ltr'><strong>legittime</strong></span> <span class='ocrx_word' id='word_1_141' title='bbox 1497 2055 1758 2155; x_wconf 76' lang='lat' dir='ltr'><strong>promulgatas,</strong></span> <span class='ocrx_word' id='word_1_142' title='bbox 1785 2067 1886 2128; x_wconf 82' lang='lat' dir='ltr'><strong>ratas</strong></span> <span class='ocrx_word' id='word_1_143' title='bbox 1904 2053 2082 2130; x_wconf 79' lang='lat' dir='ltr'><strong>habentes</strong></span> 
     </span>
     <span class='ocr_line' id='line_1_15' title="bbox 388 2154 2081 2260; baseline -0.002 -24"><span class='ocrx_word' id='word_1_144' title='bbox 388 2162 423 2236; x_wconf 89' lang='lat' dir='ltr'><strong>in</strong></span> <span class='ocrx_word' id='word_1_145' title='bbox 441 2161 511 2238; x_wconf 87' lang='lat' dir='ltr'><strong>hiis</strong></span> <span class='ocrx_word' id='word_1_146' title='bbox 527 2160 693 2260; x_wconf 74' lang='lat' dir='ltr'><strong>seriptis,</strong></span> <span class='ocrx_word' id='word_1_147' title='bbox 719 2161 933 2238; x_wconf 64' lang='lat' dir='ltr'><strong>mactate</strong></span> <span class='ocrx_word' id='word_1_148' title='bbox 950 2161 1156 2260; x_wconf 85' lang='lat' dir='ltr'><strong>apostoliea</strong></span> <span class='ocrx_word' id='word_1_149' title='bbox 1178 2161 1423 2238; x_wconf 76' lang='lat' dir='ltr'><strong>confimnamas</strong></span> <span class='ocrx_word' id='word_1_150' title='bbox 1447 2170 1485 2236; x_wconf 88' lang='lat' dir='ltr'><strong>et</strong></span> <span class='ocrx_word' id='word_1_151' title='bbox 1501 2159 1614 2259; x_wconf 89' lang='lat' dir='ltr'><strong>ipsum</strong></span> <span class='ocrx_word' id='word_1_152' title='bbox 1632 2158 1870 2234; x_wconf 74' lang='lat' dir='ltr'><strong>Hernicum</strong></span> <span class='ocrx_word' id='word_1_153' title='bbox 1894 2154 2025 2234; x_wconf 89' lang='lat' dir='ltr'><strong>ducem</strong></span> <span class='ocrx_word' id='word_1_154' title='bbox 2042 2167 2081 2234; x_wconf 85' lang='lat' dir='ltr'><strong>ot</strong></span> 
     </span>
     <span class='ocr_line' id='line_1_16' title="bbox 388 2261 2082 2363; baseline -0.003 -23"><span class='ocrx_word' id='word_1_155' title='bbox 388 2261 483 2340; x_wconf 88' lang='lat' dir='ltr'><strong>doru.</strong></span> <span class='ocrx_word' id='word_1_156' title='bbox 501 2263 641 2339; x_wconf 85' lang='lat' dir='ltr'><strong>Wrat.</strong></span> <span class='ocrx_word' id='word_1_157' title='bbox 661 2263 1002 2340; x_wconf 83' lang='lat' dir='ltr'><strong>excommunicatum</strong></span> <span class='ocrx_word' id='word_1_158' title='bbox 1014 2269 1118 2363; x_wconf 86' lang='lat' dir='ltr'><strong>juste</strong></span> <span class='ocrx_word' id='word_1_159' title='bbox 1135 2289 1182 2340; x_wconf 87' lang='lat' dir='ltr'><strong>oc</strong></span> <span class='ocrx_word' id='word_1_160' title='bbox 1199 2264 1373 2363; x_wconf 73' lang='lat' dir='ltr'><strong>legittime</strong></span> <span class='ocrx_word' id='word_1_161' title='bbox 1391 2263 1611 2339; x_wconf 80' lang='lat' dir='ltr'><strong>nunciemus.</strong></span> <span class='ocrx_word' id='word_1_162' title='bbox 1663 2262 1717 2338; x_wconf 78' lang='lat' dir='ltr'><strong>Et</strong></span> <span class='ocrx_word' id='word_1_163' title='bbox 1740 2262 1825 2362; x_wconf 89' lang='lat' dir='ltr'><strong>quia</strong></span> <span class='ocrx_word' id='word_1_164' title='bbox 1846 2261 1993 2361; x_wconf 77' lang='lat' dir='ltr'><strong>collega</strong></span> <span class='ocrx_word' id='word_1_165' title='bbox 2014 2283 2082 2336; x_wconf 87' lang='lat' dir='ltr'><strong>nn·</strong></span> 
     </span>
     <span class='ocr_line' id='line_1_17' title="bbox 388 2363 2082 2468; baseline -0.003 -24"><span class='ocrx_word' id='word_1_166' title='bbox 388 2379 466 2444; x_wconf 83' lang='lat' dir='ltr'><strong>ster</strong></span> <span class='ocrx_word' id='word_1_167' title='bbox 482 2368 636 2458; x_wconf 89' lang='lat' dir='ltr'><strong>tercius,</strong></span> <span class='ocrx_word' id='word_1_168' title='bbox 663 2368 779 2442; x_wconf 73' lang='lat' dir='ltr'><strong>abbas</strong></span> <span class='ocrx_word' id='word_1_169' title='bbox 795 2365 969 2444; x_wconf 79' lang='lat' dir='ltr'><strong>videlicet</strong></span> <span class='ocrx_word' id='word_1_170' title='bbox 986 2365 1035 2443; x_wconf 88' lang='lat' dir='ltr'><strong>de</strong></span> <span class='ocrx_word' id='word_1_171' title='bbox 1053 2368 1326 2444; x_wconf 86' lang='lat' dir='ltr'><strong>Herrrielrow</strong></span> <span class='ocrx_word' id='word_1_172' title='bbox 1350 2365 1601 2468; x_wconf 84' lang='lat' dir='ltr'><strong>supradictus,</strong></span> <span class='ocrx_word' id='word_1_173' title='bbox 1629 2391 1695 2466; x_wconf 93' lang='lat' dir='ltr'><strong>per</strong></span> <span class='ocrx_word' id='word_1_174' title='bbox 1717 2389 1784 2441; x_wconf 88' lang='lat' dir='ltr'><strong>nos</strong></span> <span class='ocrx_word' id='word_1_175' title='bbox 1801 2365 1995 2464; x_wconf 83' lang='lat' dir='ltr'><strong>requisitus</strong></span> <span class='ocrx_word' id='word_1_176' title='bbox 2013 2363 2082 2439; x_wconf 86' lang='lat' dir='ltr'><strong>lriia</strong></span> 
     </span>
     <span class='ocr_line' id='line_1_18' title="bbox 388 2467 2082 2572; baseline -0.003 -25"><span class='ocrx_word' id='word_1_177' title='bbox 388 2467 618 2568; x_wconf 67' lang='lat' dir='ltr'><strong>exequendis</strong></span> <span class='ocrx_word' id='word_1_178' title='bbox 643 2469 825 2546; x_wconf 85' lang='lat' dir='ltr'><strong>nobiscnm</strong></span> <span class='ocrx_word' id='word_1_179' title='bbox 852 2493 921 2544; x_wconf 85' lang='lat' dir='ltr'><strong>non</strong></span> <span class='ocrx_word' id='word_1_180' title='bbox 947 2471 1076 2570; x_wconf 87' lang='lat' dir='ltr'><strong>potnit,</strong></span> <span class='ocrx_word' id='word_1_181' title='bbox 1103 2472 1200 2548; x_wconf 89' lang='lat' dir='ltr'><strong>sicut</strong></span> <span class='ocrx_word' id='word_1_182' title='bbox 1222 2496 1289 2572; x_wconf 88' lang='lat' dir='ltr'><strong>per</strong></span> <span class='ocrx_word' id='word_1_183' title='bbox 1304 2471 1445 2548; x_wconf 82' lang='lat' dir='ltr'><strong>litteras</strong></span> <span class='ocrx_word' id='word_1_184' title='bbox 1464 2475 1547 2570; x_wconf 84' lang='lat' dir='ltr'><strong>ejus</strong></span> <span class='ocrx_word' id='word_1_185' title='bbox 1565 2470 1747 2571; x_wconf 87' lang='lat' dir='ltr'><strong>appomit,</strong></span> <span class='ocrx_word' id='word_1_186' title='bbox 1773 2469 1975 2561; x_wconf 86' lang='lat' dir='ltr'><strong>interesse,</strong></span> <span class='ocrx_word' id='word_1_187' title='bbox 2001 2491 2082 2558; x_wconf 72' lang='lat' dir='ltr'><strong>noa,</strong></span> 
     </span>
     <span class='ocr_line' id='line_1_19' title="bbox 390 2569 2083 2778; baseline -0.001 -28"><span class='ocrx_word' id='word_1_188' title='bbox 390 2569 2083 2778; x_wconf 54' lang='lat' dir='ltr'><strong>buttimcutit?”titttlb‘ltitttbtsstitruetltttltltttntuli</strong></span> 
     </span>
    </p>

    <p class='ocr_par' dir='ltr' id='par_1_5' title="bbox 824 2727 833 2766">
     <span class='ocr_line' id='line_1_20' title="bbox 824 2727 833 2766; baseline 0 0"><span class='ocrx_word' id='word_1_189' title='bbox 824 2727 833 2766; x_wconf 78' lang='lat'><em>9</em></span> 
     </span>
    </p>

    <p class='ocr_par' dir='ltr' id='par_1_6' title="bbox 389 2773 2243 3609">
     <span class='ocr_line' id='line_1_21' title="bbox 389 2773 2243 2986; baseline 0 -28"><span class='ocrx_word' id='word_1_190' title='bbox 389 2773 618 2972; x_wconf 59' lang='lat' dir='ltr'><strong>libitia,</strong></span> <span class='ocrx_word' id='word_1_191' title='bbox 629 2781 1353 2986; x_wconf 59' lang='lat' dir='ltr'><strong>eberneicurtem</strong></span> <span class='ocrx_word' id='word_1_192' title='bbox 1366 2805 1424 2962; x_wconf 68' lang='lat' dir='ltr'><strong>l?</strong></span> <span class='ocrx_word' id='word_1_193' title='bbox 1425 2793 1671 2961; x_wconf 63' lang='lat' dir='ltr'><strong>&#39;little</strong></span> <span class='ocrx_word' id='word_1_194' title='bbox 1673 2788 2081 2961; x_wconf 52' lang='lat' dir='ltr'><strong>rettulisti?</strong></span> <span class='ocrx_word' id='word_1_195' title='bbox 2241 2840 2243 2844; x_wconf 76' lang='grc'><em>’</em></span> 
     </span>
     <span class='ocr_line' id='line_1_22' title="bbox 391 2982 2082 3090; baseline 0.001 -32"><span class='ocrx_word' id='word_1_196' title='bbox 391 2985 482 3086; x_wconf 89' lang='lat' dir='ltr'><strong>ptis,</strong></span> <span class='ocrx_word' id='word_1_197' title='bbox 510 2985 543 3058; x_wconf 85' lang='lat' dir='ltr'><strong>si</strong></span> <span class='ocrx_word' id='word_1_198' title='bbox 560 2985 683 3077; x_wconf 75' lang='lat' dir='ltr'><strong>metri,</strong></span> <span class='ocrx_word' id='word_1_199' title='bbox 709 3007 828 3086; x_wconf 77' lang='lat' dir='ltr'><strong>ymno</strong></span> <span class='ocrx_word' id='word_1_200' title='bbox 843 2986 1034 3086; x_wconf 80' lang='lat' dir='ltr'><strong>apostolici</strong></span> <span class='ocrx_word' id='word_1_201' title='bbox 1052 2985 1209 3064; x_wconf 88' lang='lat' dir='ltr'><strong>mandati</strong></span> <span class='ocrx_word' id='word_1_202' title='bbox 1226 2989 1649 3090; x_wconf 73' lang='lat' dir='ltr'><strong>luendscorrtemptores</strong></span> <span class='ocrx_word' id='word_1_203' title='bbox 1666 2986 1829 3063; x_wconf 86' lang='lat' dir='ltr'><strong>districte</strong></span> <span class='ocrx_word' id='word_1_204' title='bbox 1846 2982 2082 3086; x_wconf 80' lang='lat' dir='ltr'><strong>precipiendo</strong></span> 
     </span>
     <span class='ocr_line' id='line_1_23' title="bbox 391 3085 2083 3192; baseline 0.001 -30"><span class='ocrx_word' id='word_1_205' title='bbox 391 3085 618 3178; x_wconf 81' lang='lat' dir='ltr'><strong>mandamus,</strong></span> <span class='ocrx_word' id='word_1_206' title='bbox 646 3089 822 3186; x_wconf 86' lang='lat' dir='ltr'><strong>quatenus</strong></span> <span class='ocrx_word' id='word_1_207' title='bbox 846 3087 1072 3168; x_wconf 85' lang='lat' dir='ltr'><strong>aecedentes</strong></span> <span class='ocrx_word' id='word_1_208' title='bbox 1095 3094 1336 3192; x_wconf 88' lang='lat' dir='ltr'><strong>personaliter</strong></span> <span class='ocrx_word' id='word_1_209' title='bbox 1357 3092 1409 3168; x_wconf 86' lang='lat' dir='ltr'><strong>ad</strong></span> <span class='ocrx_word' id='word_1_210' title='bbox 1433 3093 1632 3170; x_wconf 75' lang='lat' dir='ltr'><strong>ecdesium</strong></span> <span class='ocrx_word' id='word_1_211' title='bbox 1657 3088 1904 3168; x_wconf 72' lang='lat' dir='ltr'><strong>cathedralem</strong></span> <span class='ocrx_word' id='word_1_212' title='bbox 1929 3100 1969 3166; x_wconf 92' lang='lat' dir='ltr'><strong>et</strong></span> <span class='ocrx_word' id='word_1_213' title='bbox 1986 3087 2083 3164; x_wconf 76' lang='lat' dir='ltr'><strong>aliea</strong></span> 
     </span>
     <span class='ocr_line' id='line_1_24' title="bbox 392 3187 2082 3298; baseline 0 -30"><span class='ocrx_word' id='word_1_214' title='bbox 392 3187 557 3290; x_wconf 86' lang='lat' dir='ltr'><strong>ejusdem</strong></span> <span class='ocrx_word' id='word_1_215' title='bbox 574 3190 648 3266; x_wconf 87' lang='lat' dir='ltr'><strong>loci</strong></span> <span class='ocrx_word' id='word_1_216' title='bbox 666 3205 703 3268; x_wconf 88' lang='lat' dir='ltr'><strong>ot</strong></span> <span class='ocrx_word' id='word_1_217' title='bbox 718 3190 897 3293; x_wconf 76' lang='lat' dir='ltr'><strong>dyocesis</strong></span> <span class='ocrx_word' id='word_1_218' title='bbox 920 3194 1194 3295; x_wconf 89' lang='lat' dir='ltr'><strong>sollempniores</strong></span> <span class='ocrx_word' id='word_1_219' title='bbox 1218 3197 1422 3289; x_wconf 77' lang='lat' dir='ltr'><strong>ecclesias,</strong></span> <span class='ocrx_word' id='word_1_220' title='bbox 1450 3195 1664 3298; x_wconf 79' lang='lat' dir='ltr'><strong>sepedictus</strong></span> <span class='ocrx_word' id='word_1_221' title='bbox 1687 3194 1898 3271; x_wconf 81' lang='lat' dir='ltr'><strong>sentencias</strong></span> <span class='ocrx_word' id='word_1_222' title='bbox 1921 3193 2082 3269; x_wconf 74' lang='lat' dir='ltr'><strong>auctom-</strong></span> 
     </span>
     <span class='ocr_line' id='line_1_25' title="bbox 392 3291 2082 3401; baseline 0.001 -31"><span class='ocrx_word' id='word_1_223' title='bbox 392 3305 469 3370; x_wconf 80' lang='lat' dir='ltr'><strong>tate</strong></span> <span class='ocrx_word' id='word_1_224' title='bbox 487 3291 590 3369; x_wconf 86' lang='lat' dir='ltr'><strong>sedis</strong></span> <span class='ocrx_word' id='word_1_225' title='bbox 608 3293 810 3395; x_wconf 85' lang='lat' dir='ltr'><strong>apostoliae</strong></span> <span class='ocrx_word' id='word_1_226' title='bbox 834 3297 1061 3374; x_wconf 76' lang='lat' dir='ltr'><strong>nummatas</strong></span> <span class='ocrx_word' id='word_1_227' title='bbox 1087 3309 1126 3374; x_wconf 88' lang='lat' dir='ltr'><strong>et</strong></span> <span class='ocrx_word' id='word_1_228' title='bbox 1150 3312 1343 3400; x_wconf 84' lang='lat' dir='ltr'><strong>presentes</strong></span> <span class='ocrx_word' id='word_1_229' title='bbox 1367 3301 1509 3377; x_wconf 84' lang='lat' dir='ltr'><strong>litterae</strong></span> <span class='ocrx_word' id='word_1_230' title='bbox 1534 3300 1738 3401; x_wconf 88' lang='lat' dir='ltr'><strong>publicetis.</strong></span> <span class='ocrx_word' id='word_1_231' title='bbox 1791 3296 1899 3387; x_wconf 79' lang='lat' dir='ltr'><strong>Quod</strong></span> <span class='ocrx_word' id='word_1_232' title='bbox 1921 3298 1955 3374; x_wconf 92' lang='lat' dir='ltr'><strong>si</strong></span> <span class='ocrx_word' id='word_1_233' title='bbox 1977 3297 2082 3372; x_wconf 77' lang='lat' dir='ltr'><strong>ambo</strong></span> 
     </span>
     <span class='ocr_line' id='line_1_26' title="bbox 391 3395 2082 3502; baseline 0.002 -29"><span class='ocrx_word' id='word_1_234' title='bbox 391 3405 549 3473; x_wconf 84' lang='lat' dir='ltr'><strong>restrum</strong></span> <span class='ocrx_word' id='word_1_235' title='bbox 567 3395 638 3472; x_wconf 87' lang='lat' dir='ltr'><strong>hiis</strong></span> <span class='ocrx_word' id='word_1_236' title='bbox 655 3397 883 3498; x_wconf 63' lang='lat' dir='ltr'><strong>excurrentis</strong></span> <span class='ocrx_word' id='word_1_237' title='bbox 899 3401 1082 3477; x_wconf 89' lang='lat' dir='ltr'><strong>interesse</strong></span> <span class='ocrx_word' id='word_1_238' title='bbox 1097 3425 1166 3476; x_wconf 91' lang='lat' dir='ltr'><strong>non</strong></span> <span class='ocrx_word' id='word_1_239' title='bbox 1181 3407 1372 3502; x_wconf 74' lang='lat' dir='ltr'><strong>potueritis</strong></span> <span class='ocrx_word' id='word_1_240' title='bbox 1386 3405 1480 3480; x_wconf 86' lang='lat' dir='ltr'><strong>alter</strong></span> <span class='ocrx_word' id='word_1_241' title='bbox 1490 3416 1648 3479; x_wconf 86' lang='lat' dir='ltr'><strong>vestrum</strong></span> <span class='ocrx_word' id='word_1_242' title='bbox 1664 3427 1713 3480; x_wconf 88' lang='lat' dir='ltr'><strong>ea</strong></span> <span class='ocrx_word' id='word_1_243' title='bbox 1725 3402 1974 3478; x_wconf 79' lang='lat' dir='ltr'><strong>nichilominus</strong></span> <span class='ocrx_word' id='word_1_244' title='bbox 1988 3423 2082 3477; x_wconf 85' lang='lat' dir='ltr'><strong>exo-</strong></span> 
     </span>
     <span class='ocr_line' id='line_1_27' title="bbox 392 3501 2082 3609; baseline 0.002 -35"><span class='ocrx_word' id='word_1_245' title='bbox 392 3501 451 3600; x_wconf 87' lang='lat' dir='ltr'><strong>qni</strong></span> <span class='ocrx_word' id='word_1_246' title='bbox 468 3510 643 3575; x_wconf 89' lang='lat' dir='ltr'><strong>teneatur.</strong></span> <span class='ocrx_word' id='word_1_247' title='bbox 696 3502 826 3584; x_wconf 81' lang='lat' dir='ltr'><strong>Datum</strong></span> <span class='ocrx_word' id='word_1_248' title='bbox 851 3527 885 3576; x_wconf 93' lang='lat' dir='ltr'><strong>a.</strong></span> <span class='ocrx_word' id='word_1_249' title='bbox 905 3501 941 3576; x_wconf 88' lang='lat' dir='ltr'><strong>d.</strong></span> <span class='ocrx_word' id='word_1_250' title='bbox 960 3503 1228 3582; x_wconf 84' lang='lat' dir='ltr'>MCCLXXX</span> <span class='ocrx_word' id='word_1_251' title='bbox 1245 3508 1376 3607; x_wconf 88' lang='lat' dir='ltr'><strong>quinto,</strong></span> <span class='ocrx_word' id='word_1_252' title='bbox 1402 3509 1437 3583; x_wconf 93' lang='lat' dir='ltr'><strong>in</strong></span> <span class='ocrx_word' id='word_1_253' title='bbox 1456 3508 1666 3609; x_wconf 84' lang='lat' dir='ltr'><strong>Zneyna‚</strong></span> <span class='ocrx_word' id='word_1_254' title='bbox 1693 3505 1820 3582; x_wconf 81' lang='lat' dir='ltr'><strong>xvir.</strong></span> <span class='ocrx_word' id='word_1_255' title='bbox 1845 3501 1994 3580; x_wconf 84' lang='lat' dir='ltr'><strong>kalend.</strong></span> <span class='ocrx_word' id='word_1_256' title='bbox 2011 3504 2082 3580; x_wconf 81' lang='lat' dir='ltr'><strong>Ju-</strong></span> 
     </span>
    </p>
   </div>
   <div class='ocr_carea' id='block_1_3' title="bbox 392 3601 2082 3808">
    <p class='ocr_par' dir='ltr' id='par_1_7' title="bbox 392 3601 2082 3808">
     <span class='ocr_line' id='line_1_28' title="bbox 393 3601 2082 3779; baseline 0.002 -101"><span class='ocrx_word' id='word_1_257' title='bbox 393 3603 451 3678; x_wconf 89' lang='lat' dir='ltr'><strong>nii.</strong></span> <span class='ocrx_word' id='word_1_258' title='bbox 505 3601 546 3779; x_wconf 61' lang='lat' dir='ltr'><strong>lp</strong></span> <span class='ocrx_word' id='word_1_259' title='bbox 571 3603 694 3680; x_wconf 78' lang='lat' dir='ltr'><strong>honum</strong></span> <span class='ocrx_word' id='word_1_260' title='bbox 719 3613 836 3680; x_wconf 89' lang='lat' dir='ltr'><strong>antem</strong></span> <span class='ocrx_word' id='word_1_261' title='bbox 860 3605 1007 3682; x_wconf 89' lang='lat' dir='ltr'><strong>omnium</strong></span> <span class='ocrx_word' id='word_1_262' title='bbox 1035 3607 1261 3686; x_wconf 88' lang='lat' dir='ltr'><strong>evidenciam</strong></span> <span class='ocrx_word' id='word_1_263' title='bbox 1284 3611 1407 3711; x_wconf 81' lang='lat' dir='ltr'><strong>sigilla</strong></span> <span class='ocrx_word' id='word_1_264' title='bbox 1430 3623 1554 3687; x_wconf 87' lang='lat' dir='ltr'><strong>nostra</strong></span> <span class='ocrx_word' id='word_1_265' title='bbox 1576 3611 1804 3712; x_wconf 87' lang='lat' dir='ltr'><strong>presentibus</strong></span> <span class='ocrx_word' id='word_1_266' title='bbox 1828 3606 1994 3685; x_wconf 82' lang='lat' dir='ltr'><strong>duximus</strong></span> <span class='ocrx_word' id='word_1_267' title='bbox 2015 3631 2082 3707; x_wconf 85' lang='lat' dir='ltr'><strong>up·</strong></span> 
     </span>
     <span class='ocr_line' id='line_1_29' title="bbox 392 3729 571 3808; baseline -0.022 -27"><span class='ocrx_word' id='word_1_268' title='bbox 392 3729 508 3808; x_wconf 88' lang='lat' dir='ltr'><strong>ponem</strong></span> <span class='ocrx_word' id='word_1_269' title='bbox 537 3729 571 3780; x_wconf 86' lang='lat' dir='ltr'><strong>a.</strong></span> 
     </span>
    </p>
   </div>
   <div class='ocr_carea' id='block_1_4' title="bbox 345 4009 2123 4846">
    <p class='ocr_par' dir='ltr' id='par_1_8' title="bbox 345 4009 1580 4121">
     <span class='ocr_line' id='line_1_30' title="bbox 345 4009 1580 4121; baseline 0.008 -36"><span class='ocrx_word' id='word_1_270' title='bbox 345 4053 353 4068; x_wconf 94' lang='lat'><strong>·</strong></span> <span class='ocrx_word' id='word_1_271' title='bbox 497 4011 599 4104; x_wconf 80' lang='lat' dir='ltr'><strong>rtem,</strong></span> <span class='ocrx_word' id='word_1_272' title='bbox 626 4009 841 4108; x_wconf 78' lang='lat' dir='ltr'><strong>(Thomu</strong></span> <span class='ocrx_word' id='word_1_273' title='bbox 859 4037 918 4118; x_wconf 89' lang='lat' dir='ltr'><strong>ep.</strong></span> <span class='ocrx_word' id='word_1_274' title='bbox 936 4015 1094 4120; x_wconf 73' lang='lat' dir='ltr'><strong>Wret.)</strong></span> <span class='ocrx_word' id='word_1_275' title='bbox 1116 4021 1293 4121; x_wconf 83' lang='lat' dir='ltr'><strong>episcopo</strong></span> <span class='ocrx_word' id='word_1_276' title='bbox 1309 4021 1580 4096; x_wconf 72' lang='lat' dir='ltr'><strong>Irubnoenai.</strong></span> 
     </span>
    </p>

    <p class='ocr_par' dir='ltr' id='par_1_9' title="bbox 372 4113 2123 4846">
     <span class='ocr_line' id='line_1_31' title="bbox 496 4113 2082 4224; baseline 0.001 -30"><span class='ocrx_word' id='word_1_277' title='bbox 496 4113 797 4214; x_wconf 74' lang='lat' dir='ltr'><strong>Gungramlomur</strong></span> <span class='ocrx_word' id='word_1_278' title='bbox 813 4117 935 4194; x_wconf 86' lang='lat' dir='ltr'><strong>honori</strong></span> <span class='ocrx_word' id='word_1_279' title='bbox 953 4133 1095 4213; x_wconf 85' lang='lat' dir='ltr'><strong>vestro,</strong></span> <span class='ocrx_word' id='word_1_280' title='bbox 1114 4124 1317 4201; x_wconf 77' lang='lat' dir='ltr'><strong>reserentes</strong></span> <span class='ocrx_word' id='word_1_281' title='bbox 1332 4125 1439 4200; x_wconf 81' lang='lat' dir='ltr'><strong>vobis</strong></span> <span class='ocrx_word' id='word_1_282' title='bbox 1457 4125 1658 4224; x_wconf 78' lang='lat' dir='ltr'><strong>graciarum</strong></span> <span class='ocrx_word' id='word_1_283' title='bbox 1676 4125 1808 4200; x_wconf 87' lang='lat' dir='ltr'><strong>uberes</strong></span> <span class='ocrx_word' id='word_1_284' title='bbox 1825 4121 1999 4200; x_wconf 80' lang='lat' dir='ltr'><strong>acciones</strong></span> <span class='ocrx_word' id='word_1_285' title='bbox 2017 4143 2082 4196; x_wconf 87' lang='lat' dir='ltr'><strong>sn·</strong></span> 
     </span>
     <span class='ocr_line' id='line_1_32' title="bbox 393 4217 2083 4328; baseline 0.005 -36"><span class='ocrx_word' id='word_1_286' title='bbox 393 4239 459 4316; x_wconf 88' lang='lat' dir='ltr'><strong>per</strong></span> <span class='ocrx_word' id='word_1_287' title='bbox 476 4241 533 4312; x_wconf 88' lang='lat' dir='ltr'><strong>eo,</strong></span> <span class='ocrx_word' id='word_1_288' title='bbox 553 4217 649 4318; x_wconf 83' lang='lat' dir='ltr'><strong>quod</strong></span> <span class='ocrx_word' id='word_1_289' title='bbox 665 4241 734 4295; x_wconf 86' lang='lat' dir='ltr'><strong>nos</strong></span> <span class='ocrx_word' id='word_1_290' title='bbox 750 4223 885 4298; x_wconf 80' lang='lat' dir='ltr'><strong>uestris</strong></span> <span class='ocrx_word' id='word_1_291' title='bbox 902 4223 1031 4300; x_wconf 85' lang='lat' dir='ltr'><strong>litteris</strong></span> <span class='ocrx_word' id='word_1_292' title='bbox 1047 4225 1239 4321; x_wconf 76' lang='lat' dir='ltr'><strong>visitastis,</strong></span> <span class='ocrx_word' id='word_1_293' title='bbox 1257 4251 1309 4305; x_wconf 79' lang='lat' dir='ltr'><strong>ex</strong></span> <span class='ocrx_word' id='word_1_294' title='bbox 1325 4253 1469 4328; x_wconf 82' lang='lat' dir='ltr'><strong>quarum</strong></span> <span class='ocrx_word' id='word_1_295' title='bbox 1487 4241 1612 4305; x_wconf 90' lang='lat' dir='ltr'><strong>tancre</strong></span> <span class='ocrx_word' id='word_1_296' title='bbox 1628 4228 1882 4320; x_wconf 83' lang='lat' dir='ltr'><strong>intelleximus,</strong></span> <span class='ocrx_word' id='word_1_297' title='bbox 1900 4223 1998 4326; x_wconf 79' lang='lat' dir='ltr'><strong>quod</strong></span> <span class='ocrx_word' id='word_1_298' title='bbox 2014 4247 2083 4300; x_wconf 84' lang='lat' dir='ltr'><strong>vos</strong></span> 
     </span>
     <span class='ocr_line' id='line_1_33' title="bbox 372 4317 2082 4432; baseline 0.007 -40"><span class='ocrx_word' id='word_1_299' title='bbox 372 4321 664 4418; x_wconf 24' lang='lat' dir='ltr'><strong>&#39;compacientaa</strong></span> <span class='ocrx_word' id='word_1_300' title='bbox 688 4324 792 4399; x_wconf 84' lang='lat' dir='ltr'><strong>nobis</strong></span> <span class='ocrx_word' id='word_1_301' title='bbox 817 4336 857 4402; x_wconf 88' lang='lat' dir='ltr'><strong>et</strong></span> <span class='ocrx_word' id='word_1_302' title='bbox 878 4328 1043 4406; x_wconf 85' lang='lat' dir='ltr'><strong>ecclesie</strong></span> <span class='ocrx_word' id='word_1_303' title='bbox 1067 4341 1189 4407; x_wconf 86' lang='lat' dir='ltr'><strong>nostre</strong></span> <span class='ocrx_word' id='word_1_304' title='bbox 1215 4336 1321 4431; x_wconf 88' lang='lat' dir='ltr'><strong>cujus</strong></span> <span class='ocrx_word' id='word_1_305' title='bbox 1345 4317 1465 4408; x_wconf 79' lang='lat' dir='ltr'><strong>statius</strong></span> <span class='ocrx_word' id='word_1_306' title='bbox 1490 4357 1560 4416; x_wconf 78' lang='lat' dir='ltr'><strong>rus</strong></span> <span class='ocrx_word' id='word_1_307' title='bbox 1582 4331 1777 4422; x_wconf 78' lang='lat' dir='ltr'><strong>mulctet,</strong></span> <span class='ocrx_word' id='word_1_308' title='bbox 1804 4353 1995 4432; x_wconf 83' lang='lat' dir='ltr'><strong>personam</strong></span> <span class='ocrx_word' id='word_1_309' title='bbox 2012 4345 2082 4404; x_wconf 80' lang='lat' dir='ltr'><strong>re.-</strong></span> 
     </span>
     <span class='ocr_line' id='line_1_34' title="bbox 395 4421 2123 4556; baseline 0.007 -62"><span class='ocrx_word' id='word_1_310' title='bbox 395 4427 504 4496; x_wconf 85' lang='lat' dir='ltr'><strong>stram</strong></span> <span class='ocrx_word' id='word_1_311' title='bbox 520 4421 701 4500; x_wconf 82' lang='lat' dir='ltr'><strong>obtulistis</strong></span> <span class='ocrx_word' id='word_1_312' title='bbox 717 4425 767 4501; x_wconf 87' lang='lat' dir='ltr'><strong>ad</strong></span> <span class='ocrx_word' id='word_1_313' title='bbox 785 4451 833 4504; x_wconf 80' lang='lat' dir='ltr'><strong>ea</strong></span> <span class='ocrx_word' id='word_1_314' title='bbox 849 4429 1038 4526; x_wconf 76' lang='lat' dir='ltr'><strong>facienda,</strong></span> <span class='ocrx_word' id='word_1_315' title='bbox 1065 4457 1135 4556; x_wconf 81' lang='lat' dir='ltr'><strong>quc</strong></span> <span class='ocrx_word' id='word_1_316' title='bbox 1151 4445 1309 4510; x_wconf 84' lang='lat' dir='ltr'><strong>nostrum</strong></span> <span class='ocrx_word' id='word_1_317' title='bbox 1327 4448 1366 4511; x_wconf 90' lang='lat' dir='ltr'><strong>et</strong></span> <span class='ocrx_word' id='word_1_318' title='bbox 1378 4435 1728 4538; x_wconf 67' lang='lat' dir='ltr'><strong>poemanensis</strong></span> <span class='ocrx_word' id='word_1_319' title='bbox 1745 4446 1875 4510; x_wconf 86' lang='lat' dir='ltr'><strong>nostre·</strong></span> <span class='ocrx_word' id='word_1_320' title='bbox 1889 4432 2085 4535; x_wconf 89' lang='lat' dir='ltr'><strong>respiciunt</strong></span> <span class='ocrx_word' id='word_1_321' title='bbox 2119 4429 2123 4435; x_wconf 80' lang='grc'><strong>’</strong></span> 
     </span>
     <span class='ocr_line' id='line_1_35' title="bbox 396 4523 2083 4639; baseline 0.011 -42"><span class='ocrx_word' id='word_1_322' title='bbox 396 4523 612 4602; x_wconf 84' lang='lat' dir='ltr'><strong>courmodum</strong></span> <span class='ocrx_word' id='word_1_323' title='bbox 630 4539 668 4604; x_wconf 88' lang='lat' dir='ltr'><strong>et</strong></span> <span class='ocrx_word' id='word_1_324' title='bbox 684 4529 863 4608; x_wconf 85' lang='lat' dir='ltr'><strong>bonorem.</strong></span> <span class='ocrx_word' id='word_1_325' title='bbox 908 4533 960 4608; x_wconf 75' lang='lat' dir='ltr'><strong>Et</strong></span> <span class='ocrx_word' id='word_1_326' title='bbox 977 4535 1061 4634; x_wconf 87' lang='lat' dir='ltr'><strong>quia</strong></span> <span class='ocrx_word' id='word_1_327' title='bbox 1076 4563 1113 4612; x_wconf 91' lang='lat' dir='ltr'><strong>m</strong></span> <span class='ocrx_word' id='word_1_328' title='bbox 1130 4535 1269 4615; x_wconf 89' lang='lat' dir='ltr'><strong>eisdem</strong></span> <span class='ocrx_word' id='word_1_329' title='bbox 1287 4537 1416 4615; x_wconf 83' lang='lat' dir='ltr'><strong>litteris</strong></span> <span class='ocrx_word' id='word_1_330' title='bbox 1432 4539 1526 4615; x_wconf 87' lang='lat' dir='ltr'><strong>inter</strong></span> <span class='ocrx_word' id='word_1_331' title='bbox 1542 4553 1668 4616; x_wconf 85' lang='lat' dir='ltr'><strong>cetera</strong></span> <span class='ocrx_word' id='word_1_332' title='bbox 1683 4537 1883 4639; x_wconf 70' lang='lat' dir='ltr'><strong>reperimm</strong></span> <span class='ocrx_word' id='word_1_333' title='bbox 1899 4531 2083 4626; x_wconf 70' lang='lat' dir='ltr'><strong>confirmi,</strong></span> 
     </span>
     <span class='ocr_line' id='line_1_36' title="bbox 396 4623 2083 4745; baseline 0.014 -48"><span class='ocrx_word' id='word_1_334' title='bbox 396 4623 491 4722; x_wconf 85' lang='lat' dir='ltr'><strong>quod</strong></span> <span class='ocrx_word' id='word_1_335' title='bbox 515 4627 681 4707; x_wconf 85' lang='lat' dir='ltr'><strong>voluntas</strong></span> <span class='ocrx_word' id='word_1_336' title='bbox 700 4629 793 4710; x_wconf 86' lang='lat' dir='ltr'><strong>dom.</strong></span> <span class='ocrx_word' id='word_1_337' title='bbox 812 4633 917 4712; x_wconf 82' lang='lat' dir='ltr'><strong>ducis</strong></span> <span class='ocrx_word' id='word_1_338' title='bbox 936 4649 1037 4732; x_wconf 83' lang='lat' dir='ltr'><strong>erat,</strong></span> <span class='ocrx_word' id='word_1_339' title='bbox 1063 4652 1103 4714; x_wconf 89' lang='lat' dir='ltr'><strong>ut</strong></span> <span class='ocrx_word' id='word_1_340' title='bbox 1123 4642 1313 4741; x_wconf 73' lang='lat' dir='ltr'><strong>negocium</strong></span> <span class='ocrx_word' id='word_1_341' title='bbox 1338 4641 1504 4718; x_wconf 87' lang='lat' dir='ltr'><strong>ecclesie</strong></span> <span class='ocrx_word' id='word_1_342' title='bbox 1520 4667 1587 4745; x_wconf 89' lang='lat' dir='ltr'><strong>per</strong></span> <span class='ocrx_word' id='word_1_343' title='bbox 1604 4641 1835 4720; x_wconf 81' lang='lat' dir='ltr'><strong>arbitretures</strong></span> <span class='ocrx_word' id='word_1_344' title='bbox 1857 4651 1895 4718; x_wconf 85' lang='lat' dir='ltr'><strong>et</strong></span> <span class='ocrx_word' id='word_1_345' title='bbox 1911 4639 2083 4742; x_wconf 75' lang='lat' dir='ltr'><strong>precipuo</strong></span> 
     </span>
     <span class='ocr_line' id='line_1_37' title="bbox 395 4731 2082 4846; baseline 0.009 -42"><span class='ocrx_word' id='word_1_346' title='bbox 395 4749 461 4826; x_wconf 90' lang='lat' dir='ltr'><strong>per</strong></span> <span class='ocrx_word' id='word_1_347' title='bbox 484 4731 679 4809; x_wconf 79' lang='lat' dir='ltr'><strong>canonicor</strong></span> <span class='ocrx_word' id='word_1_348' title='bbox 704 4749 741 4814; x_wconf 86' lang='lat' dir='ltr'><strong>et</strong></span> <span class='ocrx_word' id='word_1_349' title='bbox 764 4737 858 4814; x_wconf 87' lang='lat' dir='ltr'><strong>ulios</strong></span> <span class='ocrx_word' id='word_1_350' title='bbox 883 4749 1117 4834; x_wconf 89' lang='lat' dir='ltr'><strong>tractaretur,</strong></span> <span class='ocrx_word' id='word_1_351' title='bbox 1146 4769 1256 4846; x_wconf 91' lang='lat' dir='ltr'><strong>super</strong></span> <span class='ocrx_word' id='word_1_352' title='bbox 1279 4744 1351 4821; x_wconf 89' lang='lat' dir='ltr'><strong>hoo</strong></span> <span class='ocrx_word' id='word_1_353' title='bbox 1376 4745 1524 4846; x_wconf 88' lang='lat' dir='ltr'><strong>placeat</strong></span> <span class='ocrx_word' id='word_1_354' title='bbox 1540 4747 1645 4823; x_wconf 85' lang='lat' dir='ltr'><strong>vobis</strong></span> <span class='ocrx_word' id='word_1_355' title='bbox 1670 4746 1785 4836; x_wconf 87' lang='lat' dir='ltr'><strong>scire,</strong></span> <span class='ocrx_word' id='word_1_356' title='bbox 1814 4742 1911 4844; x_wconf 86' lang='lat' dir='ltr'><strong>quod</strong></span> <span class='ocrx_word' id='word_1_357' title='bbox 1931 4766 2082 4820; x_wconf 87' lang='lat' dir='ltr'><strong>concor·</strong></span> 
     </span>
    </p>
   </div>
   <div class='ocr_carea' id='block_1_5' title="bbox 439 4913 2083 5035">
    <p class='ocr_par' dir='ltr' id='par_1_10' title="bbox 439 4913 2083 5035">
     <span class='ocr_line' id='line_1_38' title="bbox 439 4913 2083 5035; baseline 0.008 -25"><span class='ocrx_word' id='word_1_358' title='bbox 439 4947 471 5035; x_wconf 93' lang='grc'><strong>1)</strong></span> <span class='ocrx_word' id='word_1_359' title='bbox 502 4946 645 5034; x_wconf 84' lang='lat' dir='ltr'><strong>Kourad,</strong></span> <span class='ocrx_word' id='word_1_360' title='bbox 666 4953 797 5022; x_wconf 82' lang='lat' dir='ltr'><strong>Biachof</strong></span> <span class='ocrx_word' id='word_1_361' title='bbox 815 4981 875 5025; x_wconf 85' lang='lat' dir='ltr'><strong>ron</strong></span> <span class='ocrx_word' id='word_1_362' title='bbox 898 4960 1000 5028; x_wconf 86' lang='lat' dir='ltr'><strong>Lebus</strong></span> <span class='ocrx_word' id='word_1_363' title='bbox 1021 4963 1080 5028; x_wconf 87' lang='lat' dir='ltr'><strong>seit</strong></span> <span class='ocrx_word' id='word_1_364' title='bbox 1102 4963 1175 5029; x_wconf 90' lang='lat' dir='ltr'><strong>dem</strong></span> <span class='ocrx_word' id='word_1_365' title='bbox 1196 4965 1222 5032; x_wconf 81' lang='lat' dir='ltr'><strong>J.</strong></span> <span class='ocrx_word' id='word_1_366' title='bbox 1247 4959 1340 5030; x_wconf 62' lang='grc' dir='ltr'><strong>ΠΜ.</strong></span> <span class='ocrx_word' id='word_1_367' title='bbox 1384 4961 1588 5032; x_wconf 77' lang='lat' dir='ltr'><strong>Wohlbrliolr</strong></span> <span class='ocrx_word' id='word_1_368' title='bbox 1607 4963 1723 5032; x_wconf 87' lang='lat' dir='ltr'><strong>Gaaolr.</strong></span> <span class='ocrx_word' id='word_1_369' title='bbox 1744 4983 1772 5030; x_wconf 78' lang='lat' dir='ltr'><strong>t.</strong></span> <span class='ocrx_word' id='word_1_370' title='bbox 1796 4913 1897 5030; x_wconf 73' lang='lat' dir='ltr'><strong>bobus</strong></span> <span class='ocrx_word' id='word_1_371' title='bbox 1918 4961 1942 5030; x_wconf 87' lang='lat' dir='ltr'>L</span> <span class='ocrx_word' id='word_1_372' title='bbox 1963 4960 1995 5027; x_wconf 85' lang='lat' dir='ltr'><strong>S.</strong></span> <span class='ocrx_word' id='word_1_373' title='bbox 2012 4961 2083 5028; x_wconf 77' lang='grc'><strong>145.</strong></span> 
     </span>
    </p>
   </div>
   <div class='ocr_carea' id='block_1_6' title="bbox 0 0 2348 5762">
    <p class='ocr_par' dir='ltr' id='par_1_11' title="bbox 0 0 2348 5762">
     <span class='ocr_line' id='line_1_39' title="bbox 0 0 2348 5762; baseline 0 0"><span class='ocrx_word' id='word_1_374' title='bbox 0 0 2348 5762; x_wconf 95' lang='lat' dir='ltr'><strong> </strong></span> 
     </span>
    </p>
   </div>
  </div>
 </body>
</html>
