4660 5762
415 489 496 568 210
1033 489 1243 562 umen
1270 487 1486 562 OEXLHI.

271 673 273 678 ⁵
415 689 2101 796 unlnepmcopmmsetaliussaossndraffireoscxmnc'memrererolebtpeuae

416 811 455 878 et
479 798 691 874 sentencias
715 794 966 896 suspensionis
988 805 1028 882 et
1043 796 1442 886 excommunicacionis,
1469 805 1661 872 munnae
1684 794 1852 896 inips'ms
1869 792 1998 872 domiai
2017 811 2100 874 car·

416 901 549 979 dinalis
565 901 692 978 litteris
705 900 919 990 memoratis,
944 896 1038 974 dom.
1053 898 1343 1000 archiepiscopo,
1362 900 1470 976 nobis
1490 911 1529 976 et
1546 899 1629 976 aliis
1650 899 1891 998 suffraganeis
1910 899 1991 974 suis
2003 899 2101 999 prim

417 999 550 1099 himo,
576 1030 666 1104 quas
692 1003 808 1080 emam
833 1027 950 1104 penas
976 1013 1015 1078 et
1032 1002 1242 1080 sentencias
1267 1003 1301 1076 iu
1319 1001 1493 1080 secundis
1511 1003 1590 1078 suis
1605 1001 1736 1078 litteris
1753 1026 1896 1079 exnunc
1910 1017 2013 1102 prout
2029 1027 2100 1078 ex·

416 1123 501 1187 trruc
513 1110 548 1184 in
561 1109 674 1209 ipsum
689 1105 782 1182 dom.
797 1106 1118 1206 archiepiscopum,
1136 1131 1205 1182 nos
1218 1117 1257 1182 et
1268 1106 1362 1182 alios
1376 1131 1464 1182 suos
1476 1107 1728 1205 suffraganeos
1743 1119 1780 1182 et
1793 1105 1987 1206 quemlibet
1998 1107 2101 1207 ipso-

419 1239 494 1290 rum
517 1213 660 1290 sercbat
685 1223 723 1288 et
740 1211 854 1287 eciam
879 1211 1084 1302 innovabat,
1111 1211 1145 1286 si
1169 1208 1347 1286 mandatis
1373 1211 1450 1287 suis
1468 1222 1757 1310 eomenpaerent
1781 1210 1817 1297 in
1842 1207 2008 1310 protlicto
2023 1221 2101 1287 ter·
2260 1263 2268 1276 -

418 1318 509 1392 minu
535 1313 694 1392 obedire.
749 1312 948 1390 Mandabat
975 1313 1102 1406 eciam,
1129 1310 1224 1412 qnod
1250 1311 1418 1414 quidquid
1444 1338 1554 1415 super
1577 1313 1764 1415 premissis
1790 1313 1921 1414 prelati
1939 1311 2100 1392 domiuus

417 1420 725 1521 archiepiscopus,
752 1442 819 1493 nos
846 1429 883 1494 et
908 1417 970 1492 alii
995 1418 1051 1492 sni
1078 1418 1296 1517 suffraganei
1322 1416 1497 1494 ducerent
1523 1419 1605 1493 sire
1629 1413 1867 1494 deeemerent
1885 1415 2100 1510 faciendum,

416 1525 487 1625 ipsi
512 1521 604 1598 dom.
629 1523 754 1621 legato
780 1547 846 1622 per
869 1521 1009 1598 litteras
1036 1545 1125 1596 suas
1151 1521 1231 1596 sine
1257 1519 1437 1598 dilacione
1463 1521 1621 1621 qualibet
1644 1521 1805 1597 iutimare
1831 1534 2009 1598 curarent

518 1627 614 1718 Nos,
640 1627 698 1725 qui
724 1649 866 1726 semper
891 1623 1139 1702 obedienciam
1164 1623 1248 1701 sedi
1274 1625 1476 1726 apostolice
1503 1639 1541 1708 et
1565 1625 1809 1706 reverenciam
1836 1625 1972 1724 legatis
1985 1625 2101 1726 ipsius

418 1756 497 1808 cum
523 1729 724 1807 devocione
751 1729 986 1820 exhibuimus,
1013 1739 1204 1806 memorato
1229 1727 1371 1804 donico
1390 1729 1516 1828 legato
1533 1726 1769 1828 dirigeremus
1784 1741 1929 1804 nostras
1945 1729 2100 1817 litteras,

418 1837 450 1912 si
478 1835 550 1912 loci
576 1833 681 1908 nimia
706 1829 886 1910 distancia
911 1844 949 1908 et
974 1833 1133 1910 brevitas
1160 1833 1328 1934 temporis
1354 1857 1424 1908 nou
1450 1834 1646 1924 obstarent,
1673 1857 1739 1933 per
1764 1857 1855 1932 quas
1881 1832 2007 1932 gracie
2033 1857 2122 1908 sne.

417 1940 645 2016 irurotescere
671 1961 889 2028 curaremus,
915 1937 1067 2035 qualiter
1091 1961 1157 2036 per
1177 1937 1390 2012 violenciam
1414 1937 1594 2014 secularis
1620 1937 1814 2038 potestatis
1840 1939 1885 2012 ob
1912 1934 2101 2013 detensio-

418 2067 498 2120 uem
524 2043 654 2142 jurium
688 2041 850 2118 ecclesie
882 2051 1004 2114 nostre
1029 2045 1107 2138 J'nm
1140 2037 1272 2119 dudum
1307 2042 1418 2139 ejecti
1452 2038 1500 2116 de
1533 2038 1627 2116 sede
1653 2051 1777 2116 nostra
1810 2065 1889 2118 curn
1915 2041 2101 2118 canonicis

418 2145 551 2222 nostris
578 2155 615 2222 et
642 2145 739 2220 clero
765 2157 835 2218 tam
862 2141 1032 2241 religioso
1058 2167 1162 2241 qnam
1188 2143 1344 2219 seculari
1369 2156 1540 2220 servante
1558 2141 1806 2222 obedienciam
1827 2145 1990 2220 atrebas
2007 2168 2100 2246 pene

418 2250 577 2326 omnibus
610 2247 803 2348 exspoliati
837 2246 982 2322 exilium
1014 2247 1248 2337 sustinemus,
1283 2248 1587 2324 sustentacionem
1618 2247 1796 2324 babentes
1829 2245 1878 2324 de
1908 2248 1999 2338 biis,
2031 2271 2100 2348 que

419 2353 521 2428 nobis
548 2350 596 2428 de
622 2352 767 2426 aliorum
793 2349 919 2450 gracia
945 2349 1148 2424 tribuuntur.
1208 2348 1278 2439 Qui
1303 2347 1465 2426 dominus
1491 2350 1636 2449 legatus
1662 2353 1695 2427 si
1722 2352 1876 2450 benigue
1908 2349 2100 2428 advertere

420 2455 643 2555 dignaremur,
671 2452 766 2554 quod
790 2453 849 2552 qui
882 2453 990 2531 nichil
1024 2453 1135 2529 babet
1170 2452 1278 2530 uicbil
1312 2451 1401 2528 dare
1427 2465 1549 2554 potest
1580 2465 1617 2530 et
1641 2453 1738 2554 qnod
1762 2455 1879 2533 inanis
1911 2467 1972 2532 est
1996 2457 2102 2533 accio

420 2584 524 2659 qnam
549 2557 712 2635 excludit
735 2557 855 2658 inopia
880 2545 1053 2633 debitoris
1080 2567 1118 2633 et
1143 2561 1225 2656 ejus
1250 2557 1411 2658 periculo
1438 2557 1546 2632 uicbil
1573 2569 1633 2634 est
1658 2560 1717 2658 qui
1742 2559 1790 2634 nil
1817 2559 1928 2636 babet
1953 2573 1991 2636 et
2007 2557 2102 2659 quod

421 2662 597 2763 spoliatus
631 2685 698 2736 non
730 2673 852 2762 potest
882 2663 966 2738 exui
992 2665 1070 2760 jam
1101 2657 1274 2750 nudatus,
1308 2660 1400 2736 forte
1432 2685 1511 2737 cunr
1543 2663 1734 2762 paciencia
1767 2665 1974 2754 sustineret,
2007 2659 2101 2762 quod

421 2763 621 2841 mendatium
645 2765 760 2868 ipsius
785 2763 834 2842 de
859 2761 990 2843 dandis
1014 2765 1341 2866 procuracionibns,
1367 2777 1531 2864 quantum
1556 2789 1622 2840 uos
1649 2778 1687 2842 ot
1703 2767 1836 2844 clerum
1862 2778 2014 2842 nostrum
2031 2763 2100 2842 de·

423 2872 524 2946 beret
549 2869 665 2946 contin
694 2893 756 2945 ere
782 2869 815 2944 si
840 2893 909 2944 nou
935 2893 1102 2946 essemus
1127 2868 1284 2970 spoliati,
1311 2893 1361 2945 cx
1385 2867 1560 2970 predicti·
1594 2871 1718 2948 carreis
1742 2871 2017 2947 racionabilibus
2031 2893 2101 2945 uon

421 2997 611 3076 possumus
687 2971 850 3074 'mplere,
883 2997 963 3050 cnm
988 2973 1102 3051 eciam
1130 2997 1284 3046 summus
1309 2971 1473 3072 pontifex
1497 2974 1684 3074 pacienter
1716 3000 1761 3052 se
1787 2975 1966 3052 sustinere
1991 2997 2101 3050 asse·

422 3091 495 3170 rat,
528 3077 562 3152 si
588 3073 787 3152 mandatum
812 3075 926 3178 ipsius
952 3073 1178 3178 adimpletum
1209 3100 1279 3150 non
1312 3075 1419 3152 suerit
1444 3101 1523 3152 cum
1549 3101 1663 3154 cause
1689 3079 1930 3156 racionabiles
1956 3089 2103 3180 preten-

422 3179 561 3256 duntur.
597 3177 687 3258 Cum
712 3180 829 3279 igitur,
855 3192 894 3255 nt
910 3181 1142 3281 premisimus,
1170 3179 1315 3280 spoliati
1340 3195 1378 3255 et
1403 3181 1514 3280 cJecti
1541 3181 1651 3256 simus
1678 3193 1715 3258 et
1740 3181 1905 3258 inexilio
1923 3181 2103 3259 constituti

422 3309 492 3362 nec
518 3285 635 3382 aliquo
652 3281 757 3358 modo
784 3281 833 3358 ad
856 3283 1135 3386 procuraciones
1161 3281 1357 3360 sufficimus
1383 3282 1660 3385 persolvendas,
1686 3293 1863 3385 moterlo
1883 3293 1982 3368 emm
2000 3291 2107 3362 debit

423 3393 518 3488 qaod
543 3395 623 3486 quis
654 3417 724 3462 acc
746 3391 871 3470 babet,
904 3415 952 3460 co
976 3391 1255 3486 impossibilium
1279 3393 1383 3462 calla
1413 3395 1462 3462 sit
1484 3393 1669 3488 obligccio
1701 3413 1771 3466 nco
1797 3413 1926 3491 penam
1952 3401 2104 3465 mereant

423 3491 492 3565 nisi
518 3489 576 3589 qni
602 3487 801 3588 delinquid,
834 3501 872 3564 et
901 3491 1009 3590 pauci
1040 3487 1088 3565 de
1115 3489 1214 3566 clero
1246 3490 1348 3570 nobis
1381 3489 1551 3567 obediant
1583 3503 1620 3568 et
1654 3490 1804 3568 cottidie
1836 3517 1903 3568 noe
1930 3505 1968 3568 et
1994 3492 2104 3570 nostri

425 3593 492 3668 sub
517 3591 678 3694 periculo
703 3593 824 3666 mortis
850 3591 960 3667 munus
986 3603 1130 3693 propter
1160 3593 1370 3671 inimicicias
1396 3619 1465 3694 que
1492 3595 1595 3671 nobis
1624 3597 1801 3672 imminent
1826 3596 2025 3698 capitales,
2057 3619 2102 3672 ne

425 3696 528 3772 nobis
553 3694 715 3784 afflictis,
742 3706 886 3796 propter
910 3695 1187 3795 procuracioncs
1219 3723 1309 3798 quas
1334 3699 1403 3798 ipsi
1430 3697 1523 3774 dom.
1557 3699 1681 3799 legato
1707 3700 1803 3775 nullo
1835 3697 1941 3776 modo
1966 3701 2102 3804 impen-

426 3797 515 3876 dere
547 3823 756 3900 possumus,
784 3795 944 3876 ¹addatur
975 3797 1131 3875 affliccio
1164 3812 1202 3876 et
1226 3801 1475 3902 suspensionis
1508 3815 1545 3879 et
1571 3803 1955 3881 excommunicacionis
1988 3806 2104 3906 penas

425 3903 627 4082 peripsum
652 3900 825 3978 dominnm
849 3902 1007 4003 legatum
1033 3904 1100 3979 snb
1125 3902 1336 3981 condicione
1363 3917 1400 3980 et
1423 3907 1459 3982 iu
1485 3905 1579 3984 diem
1604 3908 1766 4010 prolatas
1788 3907 2012 4008 aliquatenus
2037 3907 2103 3982 mi-
2174 3972 2177 3980 .

426 4033 494 4084 nus
547 4007 642 4082 ebite
666 4006 896 4100 incurramus,
923 4007 1145 4084 necessitate
1171 4032 1239 4084 non
1256 4008 1439 4085 voluntate
1465 4011 1649 4088 constricti
1674 4011 1887 4088 recurrimus
1913 4009 1958 4087 ad
1983 4011 2104 4112 prod·

340 4133 347 4156 ι
428 4108 522 4188 dium
547 4110 756 4186 innocencie
781 4109 971 4185 institutum
999 4124 1036 4186 et
1062 4136 1111 4188 ex
1135 4111 1321 4213 prontissis
1347 4114 1483 4208 causis,
1510 4140 1579 4215 que
1606 4115 1742 4192 notorie
1764 4125 1846 4190 surrt
1863 4116 2021 4190 omnibns
2037 4138 2104 4215 per
2156 4101 2162 4114 ⁸

429 4215 645 4316 provinciam
670 4213 878 4290 Polonicam
904 4226 942 4290 et
966 4213 1062 4304 alibi,
1088 4239 1151 4315 pro
1178 4217 1280 4294 nobis
1307 4229 1345 4292 et
1365 4217 1469 4294 clero
1496 4230 1618 4294 nostro
1648 4230 1818 4297 servante
1845 4215 2102 4308 obedienciam,

429 4341 454 4392 a
478 4316 639 4419 predicto
665 4316 804 4394 domino
836 4317 959 4418 legato
986 4327 1023 4394 et
1048 4319 1186 4397 nunciis
1216 4323 1299 4418 ejus
1324 4319 1542 4421 supradictis
1566 4323 1602 4398 iu
1627 4321 1697 4397 biis
1724 4323 1869 4424 scriptis
1902 4319 1953 4398 ad
1977 4319 2103 4398 sedem

430 4421 663 4520 apostolicam
689 4421 911 4522 appellamus
936 4432 973 4498 et
990 4421 1175 4524 apostolos
1202 4447 1279 4498 cum
1305 4424 1485 4502 bustencia
1503 4427 1667 4527 petimus,
1694 4450 1772 4519 noa,
1799 4436 1956 4516 nostros,
1982 4438 2105 4502 noema

432 4535 470 4598 et
500 4515 695 4598 nostrbrum
727 4521 890 4623 ejusdem
923 4523 1025 4601 sedis
1058 4526 1277 4626 proteccioni
1303 4541 1552 4630 supponentes
1584 4553 1653 4608 nec
1685 4531 1731 4604 ab
1765 4555 1812 4606 ea
1841 4529 2104 4631 appellaciona

432 4649 500 4722 que
525 4625 622 4724 prius
647 4627 681 4700 in
708 4623 822 4728 (lpol
844 4651 910 4726 per
934 4627 1026 4706 dom.
1053 4629 1362 4732 archiepiscopum
1387 4657 1451 4734 pro
1477 4655 1538 4724 se,
1569 4632 1673 4708 nobis
1699 4645 1737 4710 et
1761 4633 1843 4708 aliis
1868 4634 1948 4710 suis
1973 4633 2104 4708 sudi*

433 4727 561 4824 ganeis
586 4727 651 4802 init
675 4727 883 4831 interposita
895 4731 921 4820 ¹)
944 4729 1148 4810 recedimus
1173 4732 1243 4812 sed
1269 4759 1337 4812 nec
1363 4737 1409 4810 ab
1435 4759 1496 4824 ea,
1532 4759 1600 4834 que
1624 4760 1690 4836 per
1721 4738 1835 4838 ipsnm
1862 4735 1955 4814 dom.
1982 4735 2105 4814 archi·-

481 4947 512 5024 Ι)
539 4944 577 5008 N.
600 4945 772 5014 ocxxlx
793 4971 864 5016 rorn
884 4950 914 5018 3.
936 4950 1033 5042 April.
