4594 5774
389 502 466 586 202
725 494 727 500 ¹
880 521 883 528 “
1032 497 1245 582 lbhuidea
1300 495 1439 570 ΘΒΜ.
1586 517 1591 526 ’

389 707 524 787 arcem
548 701 668 784 cidon
692 701 795 778 lratri
821 707 946 794 nonno
971 695 1112 802 donico
1138 697 1314 800 episcopo
1338 699 1491 790 Wrat,
1524 695 1692 776 ecclesie
1722 719 1793 773 suc
1826 705 1865 772 et
1895 695 1998 774 claro
2027 694 2084 774 ia·-

390 809 464 886 bini
479 807 648 886 volentes
673 802 832 882 remedio
861 801 1049 880 salubriori
1066 799 1272 903 providere,
1298 801 1334 878 in
1351 825 1490 893 omncs,
1519 805 1767 900 cujuscunque
1793 793 1993 898 dignen,
2018 825 2085 878 no-

389 909 555 1002 bilitatis,
582 907 804 998 honestatis,
832 905 1081 996 excellencie,
1107 913 1244 996 status,
1271 929 1406 996 sexus,
1442 902 1667 982 condicionis
1691 903 1753 980 vel
1780 903 1890 981 etatis
1913 903 2085 997 manat,

390 1039 461 1094 seu
486 1014 556 1090 sint
581 1012 763 1113 principes
790 1008 995 1106 veldnccs
1020 1007 1082 1086 vel
1116 1007 1313 1084 consiliarii
1339 1005 1551 1106 eorundem,
1585 1006 1645 1106 qni
1669 1004 1823 1084 eandem
1849 1004 2085 1084 omaso-u

389 1119 592 1196 libertatum
622 1128 661 1192 et
680 1115 812 1214 jurium
837 1111 1018 1193 daonium
1048 1112 1246 1190 vonerabili
1272 1110 1373 1188 fratri
1399 1125 1522 1188 nostro
1548 1107 1688 1186 domino
1715 1111 1936 1210 mone),
1962 1108 2000 1186 d
2028 1135 2083 1210 gr.

391 1245 451 1323 ap.
477 1221 625 1310 Wrat,
659 1217 824 1296 ecclesie
855 1227 948 1309 suc,¹
980 1213 1137 1317 capitulo
1170 1239 1218 1292 ac
1250 1216 1315 1290 toti
1348 1214 1448 1292 clero
1481 1225 1552 1290 nm
1583 1213 1757 1312 religioso
1782 1238 1887 1313 qnam
1912 1213 2100 1306 seculari,-

389 1323 498 1402 tom‘s
524 1347 571 1399 ac
596 1320 893 1422 possessionibus
920 1345 986 1422 per
1012 1317 1164 1396 condem
1189 1319 1284 1420 pium
1308 1318 1504 1420 principem
1530 1315 1623 1394 dom.
1641 1317 1905 1409 llenricnm,
1931 1315 2084 1396 conda·

319 1478 323 1486 -
390 1425 519 1504 ducem
553 1425 731 1517 Slesic,
764 1423 990 1502 (iraconie
1025 1433 1063 1500 ot
1093 1419 1397 1514 Sandomirie,
1430 1419 1599 1497 domitam
1631 1421 1766 1522 pariter
1791 1429 1830 1498 et
1855 1420 2084 1498 collatamin

390 1527 624 1632 prejudicium
650 1529 765 1604 anime
792 1551 860 1602 sue
886 1536 925 1602 et
949 1524 1229 1627 disposicionem
1262 1535 1334 1602 tu
1358 1523 1588 1602 laudabiliter
1621 1523 1818 1600 ordinatam
1850 1549 1940 1599 anso
1967 1536 2083 1601 terne

391 1633 498 1724 ratio,
526 1631 671 1709 occulte
696 1630 758 1708 vel
783 1629 989 1722 manifeste,
1015 1653 1083 1730 per
1108 1651 1152 1706 se
1178 1629 1239 1704 vel
1265 1653 1331 1729 per
1354 1629 1461 1720 alios,
1487 1625 1669 1720 mandato,
1697 1627 1922 1704 consiliovel
1948 1627 2084 1704 attrilio

390 1736 461 1813 nisi
486 1734 617 1812 luerint
640 1733 846 1832 infringere,
871 1733 1011 1809 violare
1036 1731 1098 1808 rel
1122 1729 1263 1810 eisdem
1285 1730 1550 1831 promodolibet
1575 1732 1766 1824 contraire,
1791 1731 1905 1807 inbiis
1923 1732 2082 1834 scriptis,

392 1838 691 1939 coepiscoporum
729 1847 928 1912 nostrorum
962 1835 1116 1912 oonsilio
1153 1859 1200 1912 ac
1233 1836 1352 1912 tocius
1382 1833 1515 1937 synodi
1540 1835 1724 1911 voluntate
1755 1831 1979 1926 accedente,
2012 1858 2082 1910 ex-

392 1939 728 2018 commonicacionis
754 1939 976 2016 sentenciam
1001 1939 1148 2015 serimus
1174 1948 1214 2014 et
1238 1938 1582 2014 anathematizamus
1608 1936 1760 2014 cosdem
1792 1949 1830 2014 et
1856 1937 1973 2014 οοὶιω

392 2044 590 2144 mnlgamus
623 2067 671 2120 ac
703 2041 977 2132 denunciamus,
1012 2038 1214 2118 secundum
1246 2043 1468 2118 sentenciam
1504 2039 1626 2117 fratris
1657 2041 1769 2116 nostri
1800 2038 1955 2142 predicti
2014 2065 2082 2116 on.

392 2147 558 2248 episcopi
571 2147 705 2221 Wrat.
732 2145 767 2218 in
794 2167 918 2220 onmes
943 2141 1148 2243 hujusmodi
1172 2144 1371 2221 violatores
1395 2145 1597 2222 libertatum
1622 2144 1743 2238 laum,
1769 2143 1915 2245 publice
1932 2167 2084 2222 excon-

391 2251 612 2340 municntos,
645 2245 859 2324 mandantes
878 2247 1053 2324 omnibus
1087 2246 1319 2345 snl'raganeis
1351 2249 1484 2323 nostris
1517 2245 1686 2349 synodali
1718 2248 1951 2340 anctoritate,
1986 2248 2084 2323 utin

392 2351 617 2456 dyocesibus
642 2351 720 2428 sois
746 2348 914 2428 mandent
939 2349 1117 2426 universis
1144 2361 1182 2425 at
1207 2350 1360 2451 singulis
1386 2351 1587 2429 rectoribus
1614 2350 1865 2441 ecclesiarum,
1891 2349 1988 2452 qood
2005 2351 2083 2426 sin·

513 2454 644 2532 diebus
670 2452 857 2530 dominicis
882 2477 1007 2529 omnes
1033 2454 1264 2545 effractores,
1291 2453 1509 2546 violatores,
1536 2453 1691 2547 auxilio,
1718 2453 1870 2532 consilio
1895 2455 1957 2531 vol
1981 2479 2084 2530 ntan-

443 2568 482 2634 to
507 2569 545 2634 et
569 2557 814 2658 principaliter
836 2557 918 2657 ipso
943 2557 1044 2632 sacto
1069 2557 1226 2656 ipsarum
1253 2554 1500 2650 donacionnm,
1526 2557 1727 2633 libertatum
1753 2581 1800 2636 ao
1820 2558 1952 2657 jurium
1966 2555 2083 2634 duca·

392 2661 474 2736 lium
507 2686 574 2736 sen
598 2659 812 2764 cessionum
845 2683 893 2735 ac
917 2659 1228 2736 rennnciacionnm
1259 2660 1341 2761 ipso
1372 2657 1512 2736 domino
1547 2663 1722 2762 episcopo
1756 2673 1794 2737 et
1825 2660 1988 2738 ecclesie
2014 2685 2082 2737 aue

393 2763 531 2840 Wrat.
560 2763 734 2838 factarum
758 2761 826 2863 per
849 2759 1047 2862 predictum
1073 2763 1279 2865 principem,
1306 2764 1450 2864 publice
1476 2788 1523 2840 ac
1549 2765 1780 2866 solempniter
1804 2763 1959 2864 pulsatis
1982 2789 2081 2840 oam-

392 2866 497 2968 panis
521 2863 740 2942 denuncient
764 2877 803 2942 et
828 2864 1038 2942 denunciari
1061 2865 1199 2944 faciant
1226 2867 1360 2957 eciam,
1395 2869 1428 2942 si
1453 2890 1610 2968 persone
1636 2879 1720 2944 note
1745 2867 1892 2960 fuerint,
1923 2867 2080 2944 nomina·

391 2971 453 3044 tin
479 2969 819 3062 excommunicatos,
850 2993 897 3045 ne
922 2979 994 3046 tam
1020 2968 1177 3044 salubris
1203 2965 1358 3047 donacio
1383 2995 1450 3071 per
1474 2993 1663 3072 pravorum
1688 2968 1843 3046 insidias
1869 2995 1916 3048 ac
1940 2969 2082 3048 violen-

394 3073 476 3150 cias
501 3073 536 3148 in
557 3073 723 3148 nicbilom
750 3081 877 3151 contra
901 3083 973 3148 mm
998 3073 1093 3174 piam
1119 3069 1401 3173 disposicionem
1431 3071 1584 3174 predicti
1611 3073 1782 3175 principis
1808 3097 1899 3149 anso
1926 3091 2083 3151 tem

392 3177 445 3252 ric
470 3175 666 3275 redigatur.
718 3176 765 3250 ln
788 3180 896 3275 cujus
919 3175 1008 3266 sacti
1033 3172 1269 3252 evidenciam·
1285 3187 1324 3252 et
1347 3177 1547 3254 memoriam
1580 3187 1738 3254 eternam
1764 3189 1968 3279 presentem
1993 3179 2083 3254 kar-

393 3293 475 3370 tam,
504 3279 774 3356 constitucionis
800 3279 870 3354 vim
895 3278 1097 3370 habentem,
1124 3279 1269 3378 sigillis,
1296 3285 1420 3356 nostro
1446 3289 1485 3356 et
1507 3278 1746 3382 predictorum
1763 3279 1980 3357 dominorum
2005 3282 2083 3358 lra-

392 3395 482 3454 nnm
507 3393 704 3456 nostrornm
731 3383 1039 3482 coepiscoporum,
1064 3383 1235 3482 precibus
1260 3382 1498 3484 predictorum
1524 3383 1778 3460 honorabilium
1803 3386 1973 3478 virorum,
2004 3411 2083 3462 ma·

393 3481 498 3578 gistri
522 3482 645 3573 Witi,
675 3481 921 3558 archidiaconi
954 3483 1305 3583 Glogouiensis,
1352 3485 1549 3564 Semiani
1582 3499 1620 3564 et
1657 3489 1820 3588 magistri
1852 3487 2081 3580 Miroslai,

395 3583 644 3658 canonicorom
670 3585 818 3676 Wra't.,
846 3597 1111 3686 procuratorum
1136 3597 1173 3663 et
1199 3590 1402 3666 nunciornm
1428 3589 1582 3692 predicti
1606 3593 1827 3668 venerabilis
1850 3594 1980 3693 patris,
2005 3593 2082 3668 fra·

394 3685 460 3759 tris
486 3687 596 3759 nostri
622 3683 716 3761 dnm.
743 3688 908 3788 episcopi
920 3687 1057 3764 Wrnt
1084 3692 1297 3768 necessario
1322 3693 1492 3784 inclinati,
1518 3695 1672 3773 lecimus
1697 3696 1916 3795 consignari.
1951 3695 2082 3772 nomn

394 3799 437 3864 et
458 3795 576 3863 nobum
602 3789 637 3862 in
664 3788 862 3881 (insana,
889 3791 925 3865 in
951 3791 1035 3868 loco
1061 3789 1309 3870 benedicionis
1329 3795 1531 3896 synodalis,
1557 3821 1650 3873 anno
1672 3795 1803 3874 donnni
1829 3796 1941 3877 MCC
1969 3823 2082 3874 nona·

393 3890 545 3989 gesimo,
596 3893 800 3968 resentibus
826 3891 1001 3994 predictis
1027 3895 1199 3971 fratribus
1224 3898 1359 3972 nostris
1384 3899 1587 4000 episcopis,
1618 3925 1666 3978 ac
1696 3903 1886 3978 abbatibus
1912 3900 1961 3978 dc
1989 3905 2082 3977 ltus·
2168 3917 2171 3922 '

393 3993 467 4068 bin
492 4003 531 4082 et
582 4017 604 4070 e
630 3995 831 4094 Mogilno
858 3998 1062 4098 ceterisque
1087 3999 1239 4100 prelatis
1264 4001 1398 4076 nostris
1415 4011 1454 4079 et
1470 4003 1766 4103 sufraganeornm
1788 4015 1997 4099 nostrorum,
2024 4005 2081 4080 vi-

393 4092 532 4198 tblicct
555 4092 706 4174 dominis
723 4099 1031 4176 Wloaeiborio
1057 4104 1253 4204 preposito,
1279 4104 1452 4204 magistro
1470 4105 1644 4182 Gonlao
1662 4105 1817 4200 decano,
1842 4107 2081 4210 Phillippc

394 4196 670 4292 archidiacono,
697 4199 934 4304 Pbillippo
955 4203 1173 4301 scolastiooi,
1200 4205 1418 4286 Gabriele
1444 4221 1609 4303 cantme,
1636 4209 1900 4287 Alexandro
1927 4209 2081 4288 custode

394 4309 432 4373 et
457 4300 541 4376 aliis
565 4303 752 4381 canonicis
777 4317 901 4381 noane
927 4305 1214 4385 (lucanensis
1240 4311 1420 4404 ecclesie,
1455 4337 1502 4390 oc
1528 4312 1679 4390 dominis
1705 4313 1984 4414 Dobegncno
2011 4312 2080 4392 de·

394 4424 487 4476 cano
514 4401 815 4503 ananienais
841 4408 1017 4500 ecclesie,
1044 4413 1217 4510 magistro
1243 4411 1462 4514 Gregorio
1490 4414 1645 4510 decano,
1671 4417 1869 4494 ilenrico
1894 4416 2080 4495 archidia-

394 4525 486 4579 cono
511 4505 845 4585 Poznaniensis
871 4511 1048 4604 ecclesie,
1073 4514 1285 4593 Jobanne
1306 4519 1503 4620 preposito,
1531 4521 1703 4619 magistro
1727 4520 1932 4598 Jobanne
1957 4521 2080 4600 arcli·

393 4600 560 4723 diacum,
580 4608 808 4687 Niebolao
827 4623 975 4690 cantora
994 4616 1320 4695 Lanciciensis
1346 4621 1512 4698 ecclesie
1538 4623 1744 4722 ceterisque
1769 4623 1921 4726 prolude
1946 4645 1994 4701 ao
2011 4645 2079 4700 ca·

393 4706 534 4825 ncmcis
565 4706 788 4788 diversarum
819 4715 1065 4794 ecclesiarum
1102 4720 1139 4794 in
1179 4720 1307 4798 cadem
1338 4720 1480 4824 synodo
1513 4726 1747 4825 congregatis
1778 4739 1816 4804 et
1841 4727 1928 4804 aliia
1960 4726 2078 4805 multis

392 4804 561 4984 pptffll,
575 4815 792 4927 canonicis,
826 4813 972 4894 clericis
998 4819 1194 4921 religiosis·
1207 4835 1245 4900 et
1271 4825 1515 4932 secularibus,
1545 4827 1580 4902 in
1607 4825 1669 4906 die
1693 4828 1791 4906 beati
1815 4829 1957 4906 Knixti
1982 4853 2078 4932 pape

392 4929 416 4984 e
558 4933 620 4986 ns.
814 4967 819 4976 .
