4552 5786
411 519 490 598 850
1035 523 1245 596 Urluuden
1299 523 1469 598 000111.

411 730 559 830 gulares
586 751 762 829 personas
789 725 946 803 uuum
973 737 1011 804 et
1035 727 1181 802 aliorum
1207 725 1388 830 opidorum
1415 739 1453 803 et
1476 726 1634 804 locorum
1659 723 1747 806 dicti
1768 726 1909 804 Wrat.
1936 725 2095 806 ducatu

411 832 529 910 eidem
556 830 648 907 dom.
673 830 867 906 Johanni
900 831 976 930 regi
1002 833 1182 908 Boemie
1213 845 1251 910 et
1277 832 1354 906 suis
1379 830 1573 908 heredibus
1600 855 1721 908 rerum
1747 855 1793 908 ac
1826 829 1937 908 lidele
1963 831 2093 908 bona·

412 935 506 1038 gium
532 934 757 1036 prestitisse,
790 935 1035 1036 promittentes
1067 936 1210 1012 firmiter
1240 931 1335 1036 qnod
1368 935 1514 1034 regibus
1546 960 1592 1012 ac
1618 959 1751 1011 corone
1785 935 1889 1034 regni
1913 936 2095 1014 Boe-ie

409 1039 622 1138 homagium,
653 1035 760 1114 fidem
787 1047 825 1116 et
844 1043 1046 1138 juramenta
1071 1038 1256 1116 fidelitatis
1286 1063 1353 1140 per
1384 1040 1489 1140 ipsos
1520 1039 1672 1140 prestita
1697 1037 1813 1114 uidem
1839 1037 1982 1114 domiuo
2014 1040 2096 1140 regi

411 1167 459 1220 ac
490 1143 567 1218 suis
599 1139 794 1218 heredibus
825 1155 996 1244 perpetuo
1028 1141 1185 1220 fideliter
1215 1144 1466 1220 observabunt.
1530 1141 1652 1233 Quare
1684 1141 1876 1220 excellens
1909 1143 2092 1245 princeps,

411 1245 572 1322 domiuus
597 1245 817 1336 Karolus,
849 1246 1008 1324 marchio
1034 1247 1256 1334 blorauie,
1288 1247 1543 1348 primogenitus
1576 1245 1663 1322 dicti
1687 1247 1805 1345 regis,
1832 1245 1891 1345 qui
1918 1245 2094 1346 predictis

411 1349 676 1448 recongnicioni
702 1359 740 1426 et
765 1349 986 1426 confessioni
1013 1351 1111 1426 alluit
1137 1375 1256 1427 coram
1283 1350 1405 1442 nobis,
1438 1375 1463 1424 a
1487 1351 1591 1425 nobis
1616 1349 1790 1425 instanter
1814 1350 2021 1448 postulans,
2055 1363 2097 1428 ut

410 1453 477 1528 sibi
504 1477 615 1554 snper
641 1451 778 1528 eisdem
805 1453 1139 1552 recongnicionibus
1167 1467 1204 1530 et
1229 1453 1518 1532 confessionibus
1552 1463 1696 1529 nostras
1729 1450 1897 1530 darcmrm
1930 1455 2094 1531 tesdmo-

410 1555 528 1632 nieles
554 1557 681 1632 literas
707 1567 744 1632 et
769 1557 1013 1634 nichilominus
1041 1559 1074 1632 si
1100 1559 1250 1658 aliquem
1276 1558 1337 1634 vel
1363 1557 1503 1656 aliquus
1536 1555 1586 1632 de
1610 1553 1786 1658 predictis
1810 1557 1936 1634 venire
1968 1571 2095 1636 contra

411 1660 618 1760 religionem
638 1662 831 1759 juramenti
856 1661 997 1763 prestiti
1015 1663 1237 1762 contingeret
1262 1663 1297 1736 in
1324 1661 1486 1750 inunum,
1511 1660 1614 1762 ipsos
1639 1659 1688 1736 ad
1711 1661 2008 1738 observationem
2025 1663 2092 1736 hu-

406 1761 566 1864 jusmodi
587 1765 779 1863 juramenti
805 1765 1022 1866 compellere
1046 1791 1323 1868 percensuram
1351 1765 1642 1840 ecclesiasticam
1669 1787 1894 1855 curaremus,
1928 1789 1996 1842 nos
2022 1767 2094 1864 igi·

412 1879 469 1942 tur
493 1891 671 1968 personas
698 1878 768 1942 tam
795 1869 895 1967 regis
921 1893 1024 1967 quam
1050 1870 1269 1970 primogeniti
1295 1867 1532 1970 predictorum
1550 1867 1771 1968 specialibus
1798 1867 1981 1943 tavuuuus
2007 1893 2093 1970 pro·

412 1983 618 2070 sequentes,
646 1968 744 2048 dicto
771 1969 910 2047 domino
927 1973 1096 2048 Karolo
1122 1973 1314 2048 marchioni
1339 1972 1499 2074 presenti
1524 1984 1562 2049 et
1588 1971 1728 2047 domiuo
1753 1971 1831 2070 regi
1858 1971 2008 2070 genitori
2026 1998 2092 2048 suo

412 2076 570 2165 absenti,
599 2073 647 2150 de
674 2075 824 2151 cousiho
849 2077 961 2150 nostri
987 2077 1134 2177 capituli
1158 2077 1389 2178 promittimus
1415 2088 1452 2152 ct
1478 2073 1696 2177 spondemus
1720 2099 1786 2175 pro
1811 2075 1914 2150 nobis
1941 2087 1980 2151 et
2004 2099 2092 2154 suc·

413 2181 623 2256 cesson'bue
649 2179 801 2268 uostris,
832 2177 928 2278 qnod
961 2181 1100 2278 siquis
1126 2178 1255 2257 ductum
1286 2178 1540 2280 predictorum,
1572 2177 1760 2256 heredum
1776 2191 1815 2255 et
1838 2203 2093 2256 strecesscruur

411 2307 572 2374 suorum,
607 2280 701 2382 quod
733 2304 801 2356 non
838 2280 1034 2375 credimus,
1069 2283 1174 2359 fieret
1203 2284 1238 2358 in
1271 2283 1421 2357 futurum
1454 2293 1704 2381 transgressor
1736 2283 1868 2383 proprii
1888 2286 2091 2382 juramenti,

411 2384 1427 2588 tttttlfflttlttttttltlhtttttmulltttt
1442 2399 1634 2588 iiiiii
1659 2389 2091 2591 tltltttttttlt

411 2594 514 2668 nobis
540 2591 588 2668 de
620 2594 911 2691 transgressione
946 2591 1146 2694 hujusmodi
1180 2593 1378 2670 constiterit
1410 2593 1582 2692 legittime
1617 2592 1882 2694 compellemus.
1941 2594 2092 2695 lnsuper

412 2719 491 2770 curu
517 2694 614 2772 dicto
639 2693 780 2772 domino
806 2697 1008 2774 marchione
1034 2699 1117 2774 rice
1141 2698 1246 2796 regia
1277 2708 1315 2773 et
1339 2697 1538 2792 scutale·
1570 2697 1733 2772 inivimus
1761 2694 1956 2774 concordie
1990 2699 2087 2773 unio-

413 2823 502 2920 nem,
523 2797 625 2899 quod
651 2824 717 2873 nos
743 2799 829 2874 nulli
855 2802 934 2899 regi
959 2800 1019 2877 vel
1045 2801 1193 2903 principi
1218 2801 1321 2924 ipsos
1345 2801 1576 2900 impungnare
1592 2801 1727 2922 volenti
1744 2812 1870 2922 contra
1892 2801 1994 2902 ipsos
2018 2799 2087 2922 do·

410 2903 1448 3108 tutttttttt‚mttltttlttlttttt'utut
1494 2905 1722 3084 iiiiii}
1747 2905 2091 3086 tultnttt:

411 3111 573 3185 hermis
599 3111 717 3210 regis,
749 3109 919 3186 heredum
944 3124 984 3188 et
1009 3136 1262 3189 successorum
1296 3135 1438 3186 suorum
1471 3135 1594 3210 regunt
1626 3113 1806 3189 Boemie
1838 3112 2091 3212 rempublicam

412 3213 603 3290 salrrbritcr
618 3216 833 3316 prosperari,
859 3215 927 3290 sibi
945 3227 1119 3316 mquam
1137 3226 1284 3317 patrono
1302 3215 1489 3316 principali
1504 3217 1540 3290 in
1559 3213 1691 3292 ducatu
1712 3215 2092 3292 Wratislauiensi

412 3319 507 3396 sioru
532 3329 743 3394 memoratus
769 3316 853 3392 dnx'
869 3319 1115 3396 Heinrious
1150 3331 1279 3396 semus
1314 3331 1353 3395 et
1377 3319 1518 3392 ultimus
1540 3325 1714 3420 mantus
1745 3319 1861 3396 firirse
1891 3317 2092 3396 dinoscitur

413 3421 459 3496 ab
485 3423 644 3522 antiquo,
681 3423 739 3498 cui
764 3420 967 3499 immediate
993 3423 1178 3499 successit
1203 3421 1364 3498 domimus
1390 3447 1457 3498 rex
1482 3421 1661 3523 prefatus,
1690 3422 1907 3498 municiones
1933 3433 2090 3516 nostras,

413 3526 576 3601 ecclesie
603 3539 641 3601 et
665 3536 761 3601 terre
785 3525 825 3599 N
832 3527 1042 3627 ysensis,
1075 3551 1220 3626 qnanrm
1249 3527 1392 3628 plenum
1423 3524 1610 3600 dominium
1643 3537 1680 3602 et
1704 3526 1850 3602 theron
1883 3551 1950 3602 nes
1975 3527 2091 3603 habe·

412 3653 501 3721 mus,
524 3641 652 3706 eontra
677 3653 918 3728 quoscumque
940 3653 1052 3730 reges
1079 3642 1115 3706 et
1141 3628 1268 3722 duces,
1296 3641 1402 3706 extra
1419 3641 1535 3706 tamen
1553 3640 1709 3705 nostrum
1725 3629 2092 3707 Wratislauiam-

413 3757 501 3808 sem
532 3731 705 3810 diocesim
740 3734 998 3825 consistentes,
1034 3732 1164 3810 dictum
1196 3733 1371 3808 dominum
1403 3757 1524 3834 regem
1556 3733 1707 3809 forsitan
1730 3732 1964 3824 invadentes,
1999 3759 2091 3836 ape·

413 3837 543 3912 riemus
569 3847 606 3912 ct
624 3836 798 3913 sacienms
822 3861 887 3937 pro
905 3835 1117 3914 defensione
1133 3839 1261 3938 patrie,
1287 3839 1425 3938 ubsque
1441 3855 1557 3912 tanen
1576 3849 1697 3913 nostro
1715 3849 1754 3912 et
1767 3837 1933 3916 ecclesie
1950 3838 2093 3914 Wratr

413 3963 459 4016 ac
486 3939 701 4016 subditorum
726 3951 922 4016 nostromm
947 3939 1100 4043 dampno
1126 3941 1184 4018 rel
1211 3937 1412 4042 prejudicio
1436 3941 1587 4042 aperiri,
1618 3941 1720 4016 uobis
1745 3965 1833 4018 vero
1866 3955 1904 4017 et
1929 3941 2088 4042 capitulo

414 4043 667 4145 recipientibus
693 4044 830 4119 nomine
853 4045 1020 4121 ‘ecclesie
1046 4055 1168 4121 nostre
1194 4045 1351 4146 promisit
1376 4046 1459 4121 vice
1486 4045 1588 4143 regia
1613 4057 1650 4119 et
1676 4069 1742 4120 suo
1768 4045 1907 4122 nomine
1930 4043 2091 4120 domiuus

414 4148 571 4226 marchio
595 4145 836 4249 supradictus,
864 4147 959 4248 prod
983 4149 1054 4249 ipsi
1080 4175 1158 4239 nos,
1187 4149 1383 4226 ecclesiam
1408 4159 1564 4224 nuaram
1588 4159 1626 4224 et
1648 4159 1764 4225 terras
1782 4149 1897 4250 ipsius
1915 4150 1960 4224 ab
1979 4149 2091 4224 omui·

416 4253 482 4328 bus
507 4273 641 4351 regum,
667 4252 872 4354 principum,
905 4263 1082 4354 potentum
1110 4267 1156 4329 a‘c
1181 4265 1405 4355 tyrannorum
1431 4253 1584 4329 maxime
1609 4253 1791 4328 Boemie
1822 4267 1864 4329 ct
1885 4253 2091 4328 blorauie

414 4379 460 4431 ac
493 4355 723 4456 quorumlibet
760 4355 904 4432 alionum
936 4357 1198 4448 invasionibus,
1238 4356 1588 4458 impungnacionibus
1620 4367 1658 4430 et
1690 4356 1827 4455 injuris
1860 4382 1925 4458 pro
1958 4355 2091 4432 ririlrus

415 4471 604 4560 protegent
629 4483 675 4536 ac
702 4458 816 4536 eciam
848 4457 1099 4536 delensabunt.
1135 4461 1232 4536 'Per
1262 4461 1441 4561 premissa
1471 4472 1587 4536 tamen
1620 4459 1819 4560 privilegiis
1852 4471 1890 4535 et
1913 4460 2090 4536 libertati·

414 4561 481 4638 bus
508 4561 603 4638 datia
630 4579 667 4639 et
693 4565 884 4640 concessis
914 4589 980 4666 per
1010 4562 1186 4664 quendam
1218 4564 1399 4666 prircipes
1425 4561 1587 4640 Slenie
1619 4559 1739 4638 tidem
1772 4575 1896 4640 nostre
1926 4563 2091 4640 ecclesie

416 4687 483 4739 non
506 4664 718 4744 intendimus
743 4666 889 4768 aliquod
914 4667 1146 4769 prejudicium
1177 4692 1366 4768 generare.
1424 4668 1466 4742 lu
1498 4689 1640 4766 quorum
1670 4667 1904 4744 testimonium
1936 4667 2092 4766 sigillum

416 4780 570 4844 nommm
595 4771 822 4871 presentibus
848 4782 907 4848 cst
932 4795 1137 4873 appensum.
1191 4773 1322 4848 Aoum
1350 4783 1386 4848 et
1411 4769 1529 4848 datum
1555 4769 1591 4844 in
1616 4767 1720 4846 domo
1747 4770 1984 4847 habitacionis
2006 4793 2090 4848 cru·

418 4869 603 4948 ciserorunr
630 4872 763 4950 ordinis
796 4899 827 4950 s.
855 4875 1031 4954 Johannis
1060 4877 1340 4953 lerosolimitani
1357 4899 1476 5056 prope
1501 4873 1865 4968 Wratislauiam,
1897 4873 1932 4948 iu
1959 4885 2091 4950 octava
2153 4905 2157 4911 ·

418 4975 451 5050 b.
476 4974 652 5052 iohannis
679 4978 850 5080 baptiste,
875 5003 967 5055 anno
994 4978 1123 5056 domini
1148 4981 1332 5058 millea'mo
1393 4963 1588 5057 comt.
