4594 5774
406 514 485 594 284
1010 512 1224 588 urhunes
1277 489 1501 587 oeuxr'lt

361 665 367 672 ἢ
409 747 485 802 rum
522 731 563 798 ct
587 727 828 820 proventuum,
859 739 936 815 que
973 714 1076 794 lacte
1113 725 1197 812 suut
1234 741 1260 791 a
1292 712 1436 792 decima
1472 713 1536 794 dia
1569 671 1795 816 Septembris
1833 737 1927 790 auno
1965 709 2096 792 unffi

277 841 354 913 tata,
412 818 680 904 mccclxx
705 844 798 897 nouo
823 829 861 896 et
878 819 979 898 eirca
1003 831 1042 896 et
1066 832 1151 921 post
1176 829 1213 896 el
1238 844 1305 922 per
1328 817 1460 897 dictum
1487 831 1639 920 tempus,
1666 817 1893 896 declaramus
1907 817 2097 916 subjectas

174 973 194 998 ,-
254 913 379 982 Ml*
412 930 531 1008 luisse
558 937 595 1004 et
620 949 709 1004 esse
733 921 975 1026 predictarum
1000 923 1295 1000 constituciouum
1321 923 1553 1015 auctoritate,
1580 929 1834 998 ecclesiastico
1859 929 2063 1016 tutmdtuto.

517 1033 692 1108 Preterea
724 1027 820 1104 idem
852 1027 965 1104 srater
997 1026 1205 1102 Gentilis
1237 1027 1497 1104 constitucione
1531 1051 1601 1102 sna
1626 1023 1730 1101 duxit
1754 1025 1897 1102 timuiter
1922 1023 2099 1102 adhiben-

413 1136 507 1228 dum,
534 1133 685 1235 nequis
712 1132 1074 1233 archiepiscopatum,
1101 1132 1359 1233 episcopatum,
1388 1128 1604 1230 dignitatem·
1619 1129 1832 1222 inferiorem,
1858 1137 2098 1231 perscrutare,

412 1237 673 1344 parrochialem
699 1235 908 1327 ecclesiam,
937 1234 1146 1312 beneficium
1173 1259 1252 1310 cum
1279 1259 1368 1312 eura
1393 1235 1453 1310 vel
1480 1233 1560 1310 sine
1587 1258 1675 1310 cura
1700 1259 1768 1309 seu
1793 1233 1949 1332 alicujus
1975 1230 2099 1334 predi-

413 1355 547 1423 ctorum
573 1339 920 1418 administracioucm
946 1339 1005 1416 rel
1032 1336 1281 1416 detenoiouem
1306 1337 1355 1414 de
1381 1363 1484 1414 mauu
1510 1337 1646 1439 laycali
1671 1337 1836 1438 recipere
1853 1337 1913 1414 uel
1934 1341 2011 1436 jam
2037 1361 2098 1413 ra·

413 1457 523 1549 cepta
553 1457 677 1524 tenere
703 1444 830 1543 quovis
857 1443 980 1521 colore
1007 1453 1206 1544 presumat,
1240 1437 1365 1541 siqua
1397 1453 1516 1518 autem
1543 1441 1800 1531 conquieuit,
1833 1438 1883 1516 ad
1909 1442 1966 1517 sic
1991 1464 2099 1518 reee-

412 1562 508 1654 ptum
534 1549 742 1626 beneficium
771 1557 875 1624 esset
898 1547 1065 1622 inhabilis
1091 1547 1171 1648 ipso
1197 1546 1297 1622 facto
1323 1555 1361 1622 ct
1386 1546 1453 1620 uisi
1477 1545 1593 1622 locum
1617 1546 1673 1621 sic
1690 1555 1872 1646 receptum
1895 1545 1990 1620 infra
2005 1543 2099 1620 duos

410 1678 559 1732 menses
585 1651 792 1745 desereret,
819 1649 868 1727 ad
895 1648 1079 1750 quodlibet
1105 1650 1313 1728 beneficium
1340 1659 1445 1726 esset
1469 1648 1637 1724 inhabilis
1663 1673 1708 1724 eo
1733 1649 1827 1750 ipso,
1853 1673 1923 1726 nec
1955 1645 2005 1724 ad
2029 1648 2099 1724 ali·

437 1757 508 1836 uod
540 1756 750 1834 beneficium
783 1754 1075 1832 ecclesiasticum
1109 1755 1192 1832 sine
1224 1751 1504 1855 dispensacione
1535 1750 1639 1829 sedis
1665 1753 1867 1854 apostolice
1900 1753 1961 1829 vel
1988 1751 2101 1852 legati

410 1785 603 1938 delatore
629 1871 842 1951 assrrmatur,
876 1859 1024 1959 iusuper
1049 1857 1224 1936 beneficio
1258 1857 1290 1932 si
1316 1855 1412 1958 quod
1437 1855 1561 1934 forsan
1590 1855 1689 1958 prius
1715 1857 1890 1934 canonice
1917 1857 2101 1958 optinebat

413 1975 518 2044 esset
541 1965 623 2065 ipso
650 1963 748 2040 lacto
774 1963 948 2064 privatus,
976 1962 1028 2038 illi
1053 1985 1140 2038 vero
1167 1961 1292 2040 clerici
1317 1961 1378 2037 rel
1405 1961 1502 2052 laici,
1530 1963 1777 2060 cujuscunque
1795 1970 1911 2036 status
1929 1960 1991 2036 vel
2009 1983 2099 2036 con·

413 2067 568 2148 dicionis
594 2067 766 2156 existant,
794 2066 853 2165 qui
879 2066 1010 2142 talibus
1035 2075 1163 2166 parent
1190 2079 1227 2141 et
1251 2063 1445 2156 intendunt,
1473 2064 1505 2140 si
1532 2064 1748 2139 universitas
1766 2065 1881 2156 luerit,
1906 2061 2099 2155 interdicti,

413 2174 567 2250 sivero
599 2171 804 2271 singulares
836 2193 1011 2269 persone,
1051 2168 1437 2246 excommunicacionis
1470 2168 1657 2244 sentencie
1689 2168 1821 2244 virtute
1855 2165 1941 2244 dicti
1976 2167 2100 2242 statuti

413 2278 631 2376 subjaceant
654 2276 735 2376 ipso
763 2273 872 2350 lacto.
925 2272 1061 2347 Verum
1087 2272 1171 2370 quia
1195 2271 1368 2347 consules
1395 2283 1433 2349 et
1460 2273 1671 2372 capitaneus
1698 2269 1913 2373 supradicti,
1947 2268 2100 2346 dominis

413 2381 681 2456 Thammone
708 2378 830 2468 Quas
864 2401 896 2450 s.
923 2375 1040 2450 lllarie
1067 2373 1291 2474 lllagdaleue
1327 2385 1365 2452 et
1398 2375 1508 2450 fratre
1533 2375 1744 2452 Joltanue
1777 2377 1923 2452 Baran
1956 2402 1988 2450 s.
2013 2374 2099 2452 Eli-

414 2483 559 2574 uabeth,
588 2481 697 2558 fratre
722 2481 927 2556 Jobauue
954 2505 984 2554 s.
1002 2478 1171 2579 Spiritus,
1197 2479 1393 2554 Nicolao
1420 2479 1584 2554 llomca
1610 2505 1641 2554 s.
1667 2479 1816 2556 Nicolai
1843 2491 1880 2555 et
1904 2479 2100 2556 Johanni

260 2673 262 2678 ,
413 2613 447 2666 s.
483 2586 648 2662 Mauricii
682 2584 919 2662 ecclesiarum
945 2582 1394 2659 Wratislanieusium
1428 2581 1701 2684 parrochialium
1734 2584 1951 2675 rectoribus,
1986 2606 2100 2659 cauo·

219 2753 225 2766 .
292 2739 293 2747 1
413 2690 497 2768 nice
529 2713 595 2790 per
627 2687 858 2764 diocesanum
899 2687 1108 2787 episcopum
1138 2686 1326 2779 institutis,
1361 2684 1409 2762 de
1442 2683 1617 2787 predictis
1650 2687 1824 2765 ecclesiis
1855 2687 2030 2764 violenter
2059 2697 2099 2761 et

280 2809 363 2883 tato,
413 2791 649 2894 ignominiosa
679 2791 811 2884 scietis,
852 2815 944 2865 anuo
976 2814 1047 2890 quo
1079 2815 1193 2892 supra
1227 2787 1287 2866 die
1326 2787 1468 2866 decima
1500 2788 1725 2891 Septembris
1759 2815 1836 2868 cnm
1870 2789 2097 2890 sequeucium

256 2881 299 2941 ¹⁰·
313 2889 386 2952 Μ’·
414 2895 686 2976 continuacioue
712 2893 865 2988 dierum,
899 2906 936 2970 ut
961 2895 1178 2972 asserebant
1203 2891 1252 2970 de
1278 2891 1443 2968 mandato
1471 2895 1570 2993 regis
1596 2889 1748 2994 predicti
1781 2895 1816 2970 iu
1842 2895 2037 2972 ecclesiam
2062 2917 2096 2968 s.

413 3001 532 3080 Marte
565 2997 789 3099 Magdalenc
815 2995 1126 3100 Reyultardum
1162 2995 1211 3074 de
1245 2997 1513 3096 'l'buringia‚
1546 2997 1781 3073 lllartiuum
1814 3009 2017 3100 apostatam
2048 2994 2098 3074 de

412 3103 539 3182 ordine
565 3101 826 3182 Cistercieusis
852 3101 1057 3180 monasterii
1088 3099 1137 3178 de
1164 3099 1376 3178 Grisouia
1409 3114 1446 3178 et
1471 3101 1813 3194 Weuceslaum,
1840 3103 1875 3177 in
1902 3101 2100 3179 ecelesiam

413 3235 446 3286 a.
465 3208 662 3286 Eliaabeth
687 3206 925 3284 Hauricum
951 3206 1191 3298 Pistorem,
1218 3203 1481 3300 landuleum,
1506 3205 1746 3284 Nicolaum
1773 3204 1821 3282 de
1847 3203 2036 3282 Fredek
2061 3215 2100 3282 et

412 3314 630 3392 Jacobum
663 3308 711 3388 de
744 3309 966 3401 Morauia,
997 3309 1032 3384 iu
1065 3309 1262 3386 ecclesiam
1296 3335 1327 3382 s.
1355 3307 1512 3410 Spiritus
1539 3308 1829 3385 Wolfmarum
1862 3307 1911 3386 de
1937 3309 2099 3386 nubet

414 3428 454 3494 et
477 3417 657 3492 Petrum
688 3413 737 3490 de
762 3413 1044 3512 Margibnrg,
1078 3412 1113 3488 in
1148 3411 1346 3489 ecclesiam
1377 3439 1410 3486 s.
1436 3412 1602 3504 Nicolai,
1636 3413 1875 3490 Heuricnm
1902 3411 1951 3489 de
1977 3411 2098 3491 Cun-

414 3515 614 3610 cindorl,
647 3517 683 3592 in
715 3517 912 3593 ecclesiam
936 3540 1025 3592 vero
1058 3542 1091 3610 s.
1117 3516 1285 3592 Mauricii
1309 3515 1552 3592 dobanuem
1585 3515 1667 3592 sola
1698 3517 1820 3594 laicali
1850 3517 2020 3618 potencia
2041 3515 2099 3592 iu·

416 3633 597 3700 truseurnt
622 3617 779 3718 dictique
804 3619 929 3696 intursi
953 3621 999 3694 ab
1026 3617 1163 3698 eisdem
1188 3619 1295 3698 laicis
1321 3617 1506 3720 predictas
1530 3619 1716 3698 ecclesias
1741 3631 1956 3722 recepemut
1975 3633 2013 3697 et
2029 3643 2098 3698 eas

410 3731 489 3827 jam
515 3723 666 3826 amplius
692 3747 794 3823 qnam
820 3747 913 3798 anno
939 3723 1105 3800 continue
1132 3735 1169 3800 et
1194 3723 1329 3800 notorio
1356 3721 1515 3800 detinent
1540 3735 1760 3824 occupatas,
1793 3749 1904 3824 quare
1937 3747 2005 3800 nos
2030 3749 2098 3800 au-

416 3829 584 3907 ctoritate
610 3824 697 3905 dicti
722 3827 846 3902 statuti
870 3827 1141 3929 pronunciamus
1167 3827 1204 3902 iu
1229 3827 1300 3902 hiis
1327 3827 1473 3928 scriptis
1505 3827 1668 3928 prelatos
1703 3840 1740 3904 et
1773 3853 1896 3905 omnes
1922 3827 2016 3904 alios
2041 3827 2098 3903 iu·

415 3945 554 4024 bruas,
581 3932 848 4032 quibuscunque
873 3931 1069 4006 nominibus
1095 3931 1322 4021 nominentur,
1355 3931 1550 4030 subjacere
1601 3932 1680 4008 onis
1713 3933 1748 4007 iu
1774 3929 1983 4034 supradicta
2009 3955 2099 4010 cou-

415 4036 606 4114 stitucione
646 4035 835 4113 contentis.
904 4032 1074 4113 Cetemm
1114 4035 1198 4135 quia
1236 4034 1448 4135 capitaneus
1488 4047 1526 4111 et
1567 3959 1653 4114 dicti
1690 4035 1861 4112 consules
1900 4031 2098 4137 supradicti

416 4166 464 4219 ac
496 4140 712 4216 universitas
743 4138 900 4214 civitatis
926 4139 1065 4214 Wrat.
1100 4139 1208 4215 dictis
1240 4139 1387 4214 intrusis
1419 4149 1546 4240 parent
1578 4150 1712 4216 temere
1745 4151 1783 4216 et
1814 4137 2000 4216 intendunt
2030 4165 2098 4216 au·

416 4241 548 4322 diendo
575 4244 621 4320 ab
647 4243 703 4320 eis
727 4239 838 4320 velud
870 4243 917 4320 ab
941 4243 1096 4344 ipsonrm
1122 4241 1287 4343 plebanis
1310 4240 1443 4319 divina
1475 4242 1599 4321 officia
1630 4243 1862 4345 prophanari,
1897 4240 1981 4320 ideo
2013 4267 2098 4345 pro-

415 4348 622 4426 nunciamus
648 4357 687 4424 et
711 4343 938 4424 declaramus
963 4343 1084 4424 dictos
1109 4347 1333 4447 capitaneum
1359 4356 1397 4422 et
1418 4370 1542 4425 omnes
1567 4343 1753 4448 predictos
1779 4346 1952 4425 consules
1977 4359 2016 4424 et
2040 4348 2097 4424 ci·
2153 4360 2161 4377 ·

416 4475 485 4528 ras
502 4451 706 4552 singulares
722 4455 1127 4538 excommunicacionis,
1153 4449 1419 4528 universitatem
1437 4477 1523 4528 vero
1544 4451 1779 4554 prescriptam
1804 4457 1992 4528 interdicti
2009 4474 2097 4528 seu-

417 4554 537 4634 tencie
562 4556 768 4630 sub'acere.

521 4655 613 4736 Cum
625 4582 759 4757 ltaque
784 4657 1000 4733 universitas
1024 4655 1191 4758 predicta
1214 4655 1263 4732 sit
1288 4657 1476 4758 supposita
1499 4653 1701 4747 interdicto,
1729 4653 1957 4734 declaramus
1983 4667 2021 4732 et
2037 4654 2095 4732 di-

420 4759 550 4850 cimus,
581 4757 630 4838 de
655 4773 780 4840 cetero
804 4785 873 4836 uon
899 4759 1012 4838 licere
1038 4760 1279 4861 singularibus
1309 4761 1475 4861 personis
1505 4759 1621 4862 ipsius
1653 4759 1785 4838 ali'onbi
1815 4757 1942 4838 audire
1975 4757 2098 4837 divina

418 4862 478 4938 vel
509 4864 696 4966 percipere
728 4863 986 4942 ecclesiastica
1018 4874 1264 4956 sacramenta,
1297 4863 1445 4939 casibus
1477 4867 1611 4964 ajura
1644 4864 1834 4965 expressis
1867 4861 2095 4943 declaramus

419 4961 604 5044 dumtaxat
628 4965 815 5067 exceptis,
847 4967 1024 5046 universis
1050 4977 1089 5046 et
1112 4966 1264 5068 singulis
1290 4965 1528 5044 acdesiarum
1552 4969 1752 5068 rectoribus
1777 4967 1985 5046 districcius
2009 4991 2094 5072 pro-
