4660 5762
399 491 477 570 tlt
953 483 1164 560 nisum
1220 483 1351 558 next.
1381 485 1537 558 CCXII.

265 717 357 771 sexa
503 692 656 768 Donrino
684 689 859 766 Latino.
920 685 1035 762 erari
1066 687 1167 762 nrine
1199 685 1530 786 subjecta'Wrnt
1563 685 1730 762 ecrrlenia
1761 681 1813 760 ad
1842 683 2093 786 patflnitaten

266 797 344 868 ffl't,
401 807 560 876 vestram
586 792 634 870 de
660 795 737 868 suis
763 791 942 890 angustiis
967 791 1183 890 ingemiscit,
1209 790 1245 864 in
1270 815 1341 888 qua
1366 789 1449 864 sola
1473 801 1559 891 post
1583 787 1690 864 deum
1715 788 1961 889 principaliter
1977 803 2018 864 ut
2031 813 2094 865 re·

231 867 385 926 mm
400 899 517 977 levari
542 895 734 996 aliquando
765 907 875 994 queat
906 893 987 968 lixit
1017 893 1212 970 anchoram
1238 917 1308 968 sue
1333 893 1426 994 spei.
1505 891 1620 982 Quam
1653 891 1854 968 eeclesiam
1886 893 2016 968 nubilis
2040 893 2096 968 rir

401 1000 479 1078 dux
505 999 909 1076 Wratizlaniensis
935 1021 1004 1072 non
1029 997 1144 1072 solum
1170 998 1354 1097 oppressit
1383 1019 1500 1096 ymmo
1527 993 1730 1096 depressit,
1764 996 1907 1096 penitus
1933 995 2094 1072 omuibus

396 1105 538 1206 juribus
564 1114 634 1178 tam
659 1103 694 1178 in
721 1101 965 1201 spiritualibus
992 1127 1095 1199 quarn
1127 1099 1383 1201 temporalibus
1410 1099 1624 1188 enervatis,
1646 1121 1834 1199 occupans
1863 1124 1928 1199 pru
1954 1125 2000 1175 se
2026 1123 2094 1175 ca·

402 1219 490 1298 stra,
519 1208 663 1304 burgos,
691 1205 878 1296 civitates,
909 1203 1018 1278 villas
1044 1229 1091 1280 ac
1117 1205 1212 1279 alias
1237 1203 1499 1304 possessiones
1525 1226 1664 1278 necnon
1692 1226 1839 1292 census,
1867 1201 2031 1278 decimas
2058 1213 2095 1278 et

401 1309 558 1388 afflictus
592 1305 641 1383 nd
673 1309 789 1410 ipsam
821 1307 1018 1384 ecclesiam
1046 1319 1083 1382 et
1116 1306 1166 1382 ad
1199 1306 1333 1384 clerum
1390 1305 1587 1382 ertinentes
1619 1319 1691 1383 etc.
1728 1317 1903 1406 utsupra
1927 1307 1963 1380 in
1990 1306 2096 1380 litera

400 1437 469 1516 qne
502 1409 745 1488 cardinalibus
778 1412 938 1486 omnibus
972 1411 1140 1488 scribitur
1172 1411 1242 1506 (N.
1270 1333 1412 1508 CCli').
1467 1409 1507 1484 ln
1538 1409 1609 1485 bne
1642 1422 1761 1484 autem
1796 1411 1871 1520 sic:
1904 1407 2000 1485 unde
2027 1433 2094 1484 nos

400 1516 504 1592 simrd
531 1540 609 1592 curn
636 1515 865 1591 ecclesiast
892 1525 966 1588 toto
994 1513 1094 1590 clero
1121 1525 1243 1588 nostro
1267 1513 1393 1590 afflicti
1420 1511 1671 1590 miserabiliter
1697 1524 1733 1588 et
1759 1510 1936 1588 destnrcti
1969 1512 2094 1613 pietati

399 1630 524 1695 vestre
549 1618 748 1720 provolutis
775 1618 928 1715 genibus
955 1617 1218 1718 supplicamus,
1246 1629 1442 1716 quatenns,
1477 1645 1562 1690 nom
1592 1622 1671 1692 dua
1700 1620 1880 1713 prefatas
1909 1623 2000 1690 nolit
2026 1645 2094 1690 neo

398 1729 515 1821 possit
532 1728 671 1820 corrigi
688 1727 878 1818 spirituali
893 1726 1026 1820 gladio
1043 1720 1191 1820 placeat
1216 1733 1341 1796 vestre
1367 1719 1573 1820 paternitati
1599 1726 1647 1793 de
1666 1727 1791 1818 magis
1807 1733 1982 1816 oportuno
2006 1743 2093 1819 prn-

399 1835 481 1926 pter
505 1820 610 1898 deum
636 1831 802 1898 remedio
828 1821 925 1924 apud
950 1821 1076 1899 sedern
1101 1824 1338 1924 apostolicam
1357 1825 1532 1922 cogitare,
1561 1823 1617 1898 cui
1637 1823 1753 1898 eciam
1770 1819 1853 1896 sedi
1872 1821 1981 1896 ultimi
1999 1846 2092 1898 exe-

401 1938 547 2004 cutores
574 1926 774 2002 rescribunt
800 1927 895 2001 sient
921 1925 990 2000 sibi
1015 1927 1208 2025 injunctum
1234 1926 1354 2001 fuerat
1379 1951 1489 2026 super
1515 1925 1679 2002 ecclesie
1702 1937 1826 2000 nostre
1849 1924 1962 2002 sacto.
2007 1925 2093 2000 llat.

400 2040 440 2104 nt
465 2053 584 2130 snpra

257 2247 361 2300 ccxn.
504 2235 657 2310 Domino
683 2234 865 2311 Matheo
890 2232 1055 2310 liubeo.

266 2327 344 2397 ¹³⁸⁷⁵
405 2337 409 2343 '
504 2337 567 2412 Ad
599 2335 717 2440 pedes
751 2335 1010 2414 dominacionis
1041 2346 1186 2418 vestre,
1217 2361 1286 2436 que
1320 2338 1509 2413 consuevit
1543 2337 1612 2437 piis
1645 2337 1848 2413 visceribus
1880 2359 2093 2412 succurrere

379 2437 596 2532 'tribulatis,
630 2439 902 2517 desolacionem
927 2451 1050 2516 nostre
1076 2440 1213 2515 Wrat.
1241 2441 1405 2516 ecclesie
1431 2441 1611 2540 porriuus,
1642 2465 1707 2540 pro
1733 2441 1817 2542 ipsa
1842 2450 1880 2516 et
1905 2464 1986 2516 curn
2012 2439 2094 2560 ipsa

232 2397 377 2453 ldtanunr

402 2543 528 2642 gracie
554 2555 680 2620 vestre
704 2544 881 2620 humiliter
906 2545 1171 2645 supplicantes,
1206 2556 1383 2642 quatenus
1409 2544 1533 2618 intuitu
1552 2539 1673 2618 divine
1700 2543 2001 2620 remuneracionis
2024 2569 2092 2622 ιιιι·

397 2657 570 2722 serentes
597 2648 822 2724 eversionem
849 2646 947 2724 dicte
974 2647 1155 2738 ecclesie,
1183 2644 1232 2722 de
1257 2646 1517 2722 relormacione
1542 2647 1658 2747 ipsius
1684 2647 1789 2721 vobis
1815 2647 1964 2746 placeat
1988 2645 2093 2744 eup-
2154 2687 2156 2690 ·

402 2761 497 2840 tore,
529 2773 632 2848 quam
665 2751 794 2826 nobilis
825 2752 882 2824 vir
914 2749 1007 2826 dorn.
1040 2750 1323 2847 H(enriens]
1358 2747 1434 2824 dux
1460 2749 1594 2824 Wrat.
1623 2748 1807 2850 depressit
1832 2749 2092 2841 miserabiliter,

400 2849 516 2950 ipsius
542 2853 701 2928 omnibus
719 2855 873 2952 juribus,
899 2854 1193 2955 possessionibus
1220 2865 1258 2929 et
1283 2852 1447 2944 decimis,
1474 2851 1523 2928 ad
1549 2877 1616 2928 nos
1634 2865 1672 2930 et
1688 2869 1843 2928 nostrum
1861 2853 2005 2942 clerum,
2030 2876 2092 2928 re-

401 2953 568 3052 ligiosum
587 2967 624 3031 et
650 2957 853 3032 secularem
879 2957 1147 3058 pertinentibus,
1175 2957 1427 3033 universaliter
1453 2958 1655 3058 occupatis,
1682 2981 1774 3056 quas
1794 2961 1873 3055 jan
1899 2956 2002 3056 quasi
2027 2979 2093 3055 per

402 3057 577 3133 biennium
602 3069 640 3134 et
665 3059 816 3174 amplius
843 3041 907 3160 pio
932 3085 976 3136 se
1003 3058 1158 3150 detinet,
1192 3060 1296 3134 nobis
1322 3072 1360 3137 et
1385 3060 1572 3136 canonicis
1598 3059 1731 3135 uostris
1764 3061 1897 3159 ejectis
1924 3057 1973 3135 de
1999 3053 2093 3136 sede

401 3173 581 3238 nostrast
598 3161 766 3238 universo
794 3163 905 3256 clero,
933 3164 993 3263 qui
1018 3175 1143 3240 serrat
1168 3161 1435 3256 obedienciam,
1463 3162 1512 3240 de
1529 3163 1645 3264 ipsius
1670 3161 1776 3239 ducis
1803 3161 1956 3238 dominio
1982 3164 2093 3238 mise-
2179 3209 2180 3212 =

402 3263 561 3342 rabiliter
588 3265 770 3342 exulante.
826 3269 865 3339 ln
892 3291 1036 3364 quornm
1063 3267 1148 3343 loca
1165 3277 1202 3340 et
1228 3267 1414 3344 ecclesias
1438 3265 1533 3341 idern
1551 3264 1639 3358 dux,
1666 3267 1979 3342 nonobstantibus
2005 3291 2092 3342 sen-

401 3367 532 3442 tenciis
559 3367 946 3444 excommnnicacronrs
972 3393 1007 3442 ιιι
1032 3395 1148 3469 ipsum
1166 3366 1294 3444 ducem
1322 3383 1359 3446 et
1374 3367 1555 3446 interdicti
1578 3371 1613 3444 iu
1639 3381 1768 3446 terram
1794 3370 1910 3470 ipsius
1937 3372 1982 3446 ob
2008 3393 2093 3470 pre-

402 3464 523 3544 dictas
550 3493 687 3546 causas
712 3470 901 3570 premissis
928 3471 1113 3548 canonicis
1139 3472 1394 3548 municionibus
1419 3495 1486 3573 per
1511 3497 1578 3548 nos
1604 3473 1701 3566 latis,
1729 3497 1798 3572 que
1823 3474 2011 3550 sentencie
2027 3497 2094 3573 per

403 3581 624 3646 executores
649 3572 781 3672 primos
808 3597 833 3646 a
857 3570 997 3648 domino
1024 3573 1221 3649 lll'artino
1254 3600 1351 3676 papa
1377 3586 1503 3675 quarto
1529 3601 1576 3652 ac
1602 3574 1741 3652 demum
1767 3601 1833 3677 per
1859 3574 2043 3654 secundos
2068 3600 2094 3653 e

404 3673 632 3748 sanctissimo
659 3685 761 3775 patre
787 3674 927 3750 domino
952 3677 1153 3752 Honorio
1180 3678 1339 3754 Romano
1365 3679 1535 3779 pontifice
1553 3677 1661 3754 datos
1685 3678 1826 3754 fuerunt
1851 3681 1947 3756 stom
1971 3677 2094 3756 decuit

403 3774 628 3868 confirmate,
662 3778 877 3854 auctoritate
902 3779 1046 3880 propria
1070 3781 1210 3856 intrusit
1235 3781 1410 3880 qrrosdam
1443 3784 1771 3858 excommunicatos
1799 3794 1836 3858 et
1860 3781 2091 3880 irregulares,

403 3876 616 3972 homicidas,
643 3891 847 3982 apostatas,
875 3879 1079 3972 adulteros,
1096 3884 1248 3986 laycos,
1275 3885 1487 3986 manifestos
1513 3886 1788 3964 correnbinarios
1814 3899 1853 3962 et
1876 3885 2092 3986 prophanus,

403 3981 463 4081 qni
488 3982 654 4082 populum
680 4008 749 4060 non
776 3985 890 4060 solnm
917 4011 985 4061 non
1013 3985 1183 4064 edificant
1208 3985 1277 4064 sed
1305 3989 1525 4065 subvertunt.
1577 3989 1630 4066 Et
1661 3989 1816 4066 maxima
1848 3989 1998 4066 occasio
2024 3986 2093 4064 de·

404 4086 620 4163 strnoeionis
655 4087 818 4165 ecclesie
853 4099 987 4183 nostre,
1023 4115 1092 4189 qne
1126 4091 1331 4192 peripsum
1358 4091 1487 4170 ducem
1512 4093 1562 4184 lit,
1590 4104 1673 4168 sunt
1697 4092 1831 4168 fratres
1856 4093 2019 4167 Minores
2044 4089 2092 4167 de

404 4197 555 4288 quatuor
580 4191 815 4268 conventibus
842 4203 965 4269 nostre
990 4191 1166 4294 dyocesis
1191 4195 1226 4268 in
1252 4195 1367 4296 ipsius
1386 4194 1491 4274 ducis
1510 4194 1662 4272 dominio
1690 4197 1904 4288 constitutis,
1932 4196 1990 4295 qni
2016 4193 2093 4270 fra·

403 4299 491 4383 tres,
518 4291 746 4370 blandientes
772 4297 841 4370 sibi
865 4297 970 4372 vanis
996 4293 1316 4374 adinvencionibus
1341 4301 1376 4373 in
1403 4311 1639 4402 contemptum
1666 4299 1818 4378 clarium
1843 4299 2006 4376 ecclesie
2024 4322 2094 4374 nec

327 4489 330 4497 ¹
403 4404 547 4482 nostras
581 4407 730 4474 servant
762 4401 972 4478 sentencias
1003 4425 1074 4476 nec
1114 4413 1239 4476 curant
1271 4399 1449 4478 mandatis
1491 4415 1722 4478 executurum
1754 4401 1857 4478 sedis
1892 4402 2093 4504 apostolice

405 4493 564 4580 obedire.
620 4505 730 4574 Unde
748 4527 832 4574 cum
848 4509 929 4576 sitis
946 4515 1042 4578 tutor
1058 4518 1095 4577 et
1112 4507 1291 4602 defensor
1307 4509 1449 4580 ordinis
1457 4509 1629 4601 fratrum
1649 4509 1936 4585 Predicatorum
1962 4517 1999 4581 et
2024 4528 2093 4580 nnn

405 4597 518 4670 nrinus
545 4599 782 4676 ecclesiarum
809 4603 927 4678 tocius
954 4605 1050 4680 orbis
1074 4602 1242 4682 defensio
1268 4606 1318 4682 ad
1343 4631 1411 4682 vos
1438 4618 1594 4707 spectet,
1617 4619 1763 4710 propter
1780 4607 1884 4686 deum
1902 4606 2094 4706 dignemini

404 4719 588 4817 apponere
620 4715 771 4780 mentem
789 4713 961 4825 'vestram
987 4715 1059 4782 tam
1086 4705 1133 4785 de
1160 4711 1325 4786 ecclesia
1350 4707 1583 4787 defendenda
1610 4736 1714 4813 quom
1741 4710 1789 4789 de
1814 4709 1990 4814 predictis
2017 4711 2093 4787 fra-

404 4799 516 4875 trrbns
544 4805 832 4904 compescendus.
886 4807 1017 4884 Datum
1044 4819 1227 4913 utsupra
