4660 5762
788 525 999 598 Urkuudem
1056 523 1229 598 wrm.
1260 523 1389 598 cdlx.
1572 633 1576 642 Ι
1861 531 1937 610 213

241 731 456 825 pertinacia
470 731 690 824 perstiterit,
717 729 767 834 ul>
785 729 956 823 ejusdem
963 731 1159 826 fidelitate
1178 734 1401 804 denuncient
1421 735 1571 826 penitus
1596 735 1779 810 absolutos
1805 745 1843 811 et
1867 761 1938 814 ex·

245 829 503 905 communicent
528 853 671 921 omnes,
706 826 805 905 dioto
831 828 917 906 duci
938 830 1095 922 ¹auxilio,
1130 831 1302 923 consiliu,
1335 831 1463 907 lavore
1495 833 1556 907 vel
1590 833 1708 933 aliquo
1739 840 1938 937 patrocinio

244 929 467 1010 adherentes
493 941 531 1008 el
556 939 653 1031 quod
677 959 826 1008 mecm
850 942 1069 1009 auomrtrure
1095 941 1197 1008 aedis
1221 942 1422 1032 apostolice
1444 941 1643 1032 predicent
1665 951 1792 1015 contro
1815 949 1939 1040 ipsum

245 1049 281 1110 et
304 1049 345 1110 ut
367 1043 485 1134 ipsius
509 1042 633 1109 erucis
658 1042 836 1133 eaequeio
860 1043 1047 1110 manualis
1072 1041 1252 1112 mobilibus
1275 1045 1382 1123 ciris,
1410 1043 1566 1112 ducibus
1591 1040 1875 1137 [regnicensi
1901 1055 1939 1122 cl
2060 1045 2065 1053 ¹

246 1138 567 1236 Glogcoicnsi,
595 1142 762 1212 omuibus
782 1145 952 1234 patronis
975 1145 1134 1213 ecclesie
1158 1153 1296 1224 matre,
1323 1147 1386 1238 qui
1403 1146 1526 1216 eidem
1545 1148 1635 1216 duci
1650 1149 1746 1216 sicut
1769 1151 1818 1220 ab
1844 1155 1938 1224 inte.

245 1255 351 1327 ululo,
377 1249 432 1316 sic
456 1255 493 1315 et
509 1270 551 1315 eo
576 1245 707 1336 ejecto,
734 1247 954 1316 auctoritate
973 1245 1141 1316 Romane
1167 1249 1326 1316 ecclesie
1350 1245 1529 1317 deberent
1551 1251 1765 1332 succedere,
1788 1277 1862 1344 per
1878 1279 1937 1326 ee·

104 1383 109 1392 ·
244 1351 332 1422 dem
359 1351 602 1442 apostolicum
633 1349 898 1428 committatur,
930 1343 1001 1418 hoc
1028 1341 1196 1442 adjecto,
1231 1341 1326 1443 qnod
1360 1345 1394 1419 si
1418 1343 1527 1421 iidem
1552 1349 1693 1446 patroni
1718 1347 1812 1426 forte
1838 1349 1937 1430 ducti

244 1447 371 1522 lavore
397 1445 486 1524 dicti
511 1444 617 1521 ducis
649 1446 765 1546 ipsum
795 1445 913 1543 magis
949 1446 1077 1522 fuvere
1102 1447 1256 1539 vellent,
1293 1471 1397 1546 quam
1422 1445 1591 1524 mandato
1616 1451 1820 1550 apostolico
1847 1455 1937 1530 obe·

245 1548 336 1638 dire,
363 1547 459 1728 puori
485 1560 569 1626 tunc
595 1556 684 1624 otiis
700 1556 892 1624 exaaueie
908 1555 1026 1646 ipsius
1040 1555 1167 1648 gladii
1184 1557 1362 1626 emecucio
1387 1552 1632 1644 committatur,
1660 1553 1721 1628 vel
1747 1551 1846 1630 aliud
1861 1555 1936 1650 liat,

245 1654 278 1730 si
304 1653 363 1752 qui
404 1653 499 1730 sorte
524 1651 652 1728 melius
677 1675 742 1752 pro
766 1651 999 1728 relevacione
1024 1661 1159 1730 nostre-
1174 1653 1338 1731 ecclesie
1364 1650 1505 1730 domino
1531 1655 1733 1756 apostolico
1759 1655 1938 1734 videbitur

291 1768 461 1832 urbinum.

244 1779 289 1857 op
346 1857 517 1937 Ceterum
551 1856 740 1948 noveritis,
781 1853 876 1955 quod
906 1854 1002 1934 idem
1036 1855 1129 1949 dux,
1170 1865 1357 1958 postquam
1393 1857 1565 1933 exhausit
1589 1881 1714 1935 omnes
1738 1860 1937 1939 facultates

245 1987 438 2064 pauperum
465 1961 628 2038 ecclesie
654 1983 721 2060 per
747 1959 938 2051 collectas,
965 1957 1070 2035 modo
1097 1958 1147 2034 od
1171 1983 1297 2034 novum
1325 1983 1441 2058 genus
1467 1961 1684 2058 gravaminis
1710 1987 1754 2038 se
1781 1989 1935 2041 conver·

243 2065 295 2140 tit.
349 2064 485 2140 Omnes
519 2063 633 2138 silvas
669 2061 832 2140 ecclesie
864 2063 900 2138 in
933 2087 1000 2137 suo
1028 2061 1179 2136 dominio
1213 2059 1377 2138 vendidit
1403 2061 1662 2155 succidendus,
1690 2089 1759 2164 que
1786 2066 1935 2144 cottidie

243 2166 475 2246 succiduntur
492 2190 541 2242 ex
559 2191 704 2265 quarum
722 2165 930 2243 succisione
952 2163 1139 2266 dampnum
1164 2165 1327 2241 ecclesie
1350 2165 1590 2242 inestimabile
1616 2191 1731 2265 uisque
1757 2167 1806 2244 ad
1833 2171 1935 2268 quin·

243 2281 374 2370 gemus
408 2293 521 2346 annuos
557 2280 595 2345 et
628 2269 779 2370 amplius
811 2291 879 2342 non
910 2269 1042 2368 poterit
1074 2267 1234 2344 recreari
1254 2268 1290 2357 ¹).
1369 2266 1481 2342 Unde.
1502 2277 1574 2344 tom
1599 2293 1711 2370 super
1735 2272 1805 2347 biis
1831 2297 1935 2371 qnam

243 2373 326 2450 aliis
352 2373 616 2472 &oraminibus
644 2371 806 2448 ecclesie
832 2381 870 2448 et
896 2395 961 2471 per
977 2395 1046 2445 vos
1073 2365 1113 2446 et'
1135 2372 1272 2448 unicos
1300 2369 1464 2447 ecclesie
1490 2369 1588 2471 apud
1605 2369 1778 2448 dominum
1805 2399 1935 2475 papan

243 2501 363 2554 curam
390 2475 600 2577 pervigilem
625 2475 805 2550 babeatis.
857 2473 911 2549 lut
937 2471 1116 2550 credimus
1147 2471 1275 2550 ducem
1309 2497 1424 2574 posse
1448 2474 1660 2567 mitescere,
1695 2477 1727 2550 si
1754 2478 1876 2553 abbati
1902 2503 1934 2552 s.

242 2579 414 2655 Vinceu
425 2580 483 2656 cii
510 2602 590 2654 cum
608 2601 675 2652 suo
693 2581 884 2669 conventu,
911 2577 1081 2652 iratribus
1099 2576 1297 2652 Minoribus
1315 2574 1364 2651 de
1381 2587 1531 2674 quatuor
1555 2580 1802 2669 conventibus,
1828 2570 1935 2656 Ber-2

112 2743 115 2750 .
241 2678 384 2758 riardo
407 2680 456 2758 de
482 2679 726 2772 Camencz,
763 2681 901 2756 Petro
926 2680 1064 2755 notario
1090 2687 1128 2756 et
1153 2679 1235 2754 aliis
1262 2678 1463 2778 capellanis
1490 2676 1582 2754 dtuoi
1601 2678 1869 2773 adherentibus,
1897 2693 1937 2758 nt

243 2783 372 2862 ducem
405 2795 580 2884 tamquam
615 2783 956 2860 excommunicatum
988 2783 1143 2858 vitarem
1176 2793 1213 2857 et
1245 2771 1470 2858 interdictum
1503 2794 1692 2859 servarent
1717 2811 1782 2884 per
1808 2783 1936 2861 sedem
1970 2827 1973 2833 Α

244 2888 479 2988 apostolicam
504 2885 751 2978 marodaretur,
789 2911 868 2963 eum
895 2887 1009 2962 eciem
1035 2884 1168 2960 iratres
1194 2884 1357 2960 Minores
1382 2885 1417 2958 in
1444 2885 1528 2960 aliis
1554 2888 1809 2978 conventibus,
1837 2899 1874 2960 ut
1899 2888 1934 2962 in

244 2991 471 3090 Glogouia
504 2995 693 3087 inferiori,
726 2996 911 3087 superiori
943 2998 981 3065 et
1014 2988 1050 3062 iu
1077 2987 1210 3086 0pol,
1245 2986 1559 3086 quocienscunque
1586 2986 1662 3062 dux
1688 2987 1737 3062 ed
1762 2989 1827 3065 illa
1851 2990 1936 3064 loca

243 3095 359 3186 vertit,
391 3096 505 3170 vitent
537 3094 652 3194 ipsum
685 3104 861 3191 tamquam
893 3090 1234 3168 excommunicatum
1268 3100 1305 3163 et
1330 3086 1495 3190 qupmdiu
1526 3089 1561 3164 in
1588 3091 1644 3164 eis
1670 3115 1801 3165 moram
1827 3089 1937 3165 trahit

243 3209 407 3289 servent,
442 3198 665 3272 abstinentes
700 3197 747 3272 ab
780 3194 910 3270 officiis
936 3191 1172 3270 interdictum.
1227 3191 1279 3266 Et
1304 3191 1389 3289 quia
1413 3189 1579 3281 dixistis,
1613 3189 1707 3290 quod
1735 3191 1936 3291 exspiravit

241 3302 517 3402 praecinctorium
536 3298 584 3376 de
611 3296 804 3376 audiencia
830 3295 1127 3374 contradictarum
1154 3294 1408 3396 procuratoris,
1436 3292 1600 3370 mittimus
1625 3293 1731 3370 vobis
1757 3295 1934 3370 membra-

241 3429 320 3480 nam
346 3429 410 3506 pru
435 3405 517 3506 ipsu
544 3398 813 3494 constituendo,
841 3412 884 3483 ut.
904 3425 949 3478 se
975 3401 1169 3478 Romane
1197 3399 1296 3476 curie
1323 3421 1452 3475 cursus
1476 3395 1599 3472 habet.

343 3815 445 3906 Item,
472 3811 613 3888 domino
638 3835 750 3914 pape:
794 3809 953 3888 Gravem
979 3787 1017 3887 et
1042 3807 1168 3887 dolore
1198 3833 1267 3886 non
1292 3831 1445 3884 vacuam
1472 3804 1742 3884 desolacionem
1770 3801 1934 3879 ecclesie
1976 3818 2068 3873 cern

242 3919 378 3996 Wrat.
406 3916 590 3994 sanctitati
615 3927 741 3991 vestre
766 3939 880 4014 cogor
906 3939 985 3992 cum
1010 3914 1169 3990 lucrinis
1195 3935 1246 3988 ex
1270 3911 1391 3986 intimo
1410 3906 1533 3986 cordis
1558 3905 1813 4008 profluentibus
1840 3928 1932 4004 ape-
1987 3900 2065 3972 ¹²⁸⁷,

240 4023 331 4114 rire,
384 4019 480 4122 quod
514 4019 644 4096 nobilis
675 4019 748 4110 vir,
781 4016 874 4093 dom.
907 4017 1155 4107 Henricus,
1190 4012 1267 4088 dux
1298 4011 1461 4089 Slenie
1494 4019 1533 4086 et
1564 4007 1657 4084 dom.
1685 4008 1840 4097 Wrat.,
1870 3967 2106 4103 animm·

242 4131 401 4202 eumdem
436 4129 637 4199 ecclesiam
668 4135 833 4219 tempore
861 4116 1189 4218 Lugdunensis
1216 4121 1382 4204 concilii,
1413 4137 1471 4234 me
1496 4111 1545 4186 de
1571 4109 1665 4188 sede
1689 4133 1772 4228 mea
1797 4112 1932 4228 ejecto,
1958 4105 2103 4230 uffin-
2133 4119 2136 4126 '

116 4320 120 4326 Ι
241 4230 352 4306 rebus
376 4227 574 4317 mobilibus,
602 4223 754 4301 decimis
781 4233 820 4298 et
844 4221 927 4297 eliis
947 4220 1090 4319 juribus
1117 4217 1297 4320 spoliavit,
1323 4211 1933 4313 modo1psameccles1am1terum

241 4331 393 4434 amplius
419 4355 523 4429 quam
547 4328 696 4430 prius·)
722 4348 792 4401 non
818 4323 934 4401 solum
959 4321 1142 4423 oppressit
1165 4343 1281 4420 ymmo
1307 4316 1492 4419 depressit
1516 4315 1670 4418 penitus,
1696 4312 1856 4390 omuibus
1867 4315 1933 4412 ju·

345 4489 375 4548 a)
397 4500 445 4550 per
462 4485 610 4535 continuum
628 4487 728 4545 wreus
745 4482 860 4542 quolibet
875 4477 1021 4544 intemullo,
1038 4477 1073 4526 im
1091 4477 1233 4527 fleureium
1251 4489 1284 4525 ru
1303 4458 1509 4526 nubanatis.

287 4709 320 4789 ι)
347 4699 681 4853 ibiilssiilill
701 4695 852 4873 illd?
873 4691 1351 4844 itl'tidiididiiii
1370 4688 1502 4840 buli,
1516 4681 1690 4835 ilidii,
1703 4677 1934 4856 {iiiiii
2000 4728 2004 4739 '

347 4870 495 4937 silenum
522 4867 718 4941 bezeiehuet,
744 4889 769 4934 e.
795 4865 901 4932 meina
924 4856 1229 4930 Urltundensumml
1256 4857 1289 4923 S.
1312 4855 1391 4940 134,
1422 4853 1517 4947 vergl.
1545 4852 1706 4922 Fabricius
1734 4849 1933 4938 Royanische
2080 4882 2081 4887 κ

348 4953 507 5022 Zumtiinde
529 4953 560 5020 S.
581 4951 634 5018 uo
