4594 5774
412 511 492 590 ase
883 479 887 490 ’
1023 511 1232 586 namma
1287 507 1489 586 conara

413 743 462 796 ac
493 715 732 793 Henricnm
763 709 811 788 de
843 711 996 790 Bancn
1030 712 1123 788 alias
1153 709 1202 788 de
1227 713 1464 814 Lamberg,
1498 711 1695 792 canonicas
1727 714 1842 792 eciam
1868 711 2005 790 Wrat.
2029 737 2094 816 pro

413 819 513 898 dicto
538 817 630 896 dom.
657 817 844 918 episcopo,
871 815 1029 917 capitolo
1050 829 1089 894 et
1105 815 1270 894 ecclesia
1286 817 1424 893 Wrat.
1450 817 1763 918 singularibusque
1787 817 1956 920 personis
1979 817 2094 920 ipsius

413 923 578 1004 ecclesie
611 945 657 997 ac
681 919 788 996 volero
820 918 992 1018 religioso
1024 931 1062 996 ct
1093 920 1252 997 seculari
1286 921 1442 998 civitatis
1478 933 1516 998 et
1544 919 1708 998 diocesis
1733 921 1870 997 Wrat.
1896 921 1932 996 in
1963 920 2094 1024 prelati

413 1027 506 1104 dom.
534 1024 637 1101 ducis
664 1021 816 1099 dominio
851 1023 1044 1100 constituto
1076 1033 1180 1124 parte
1207 1049 1257 1100 ex
1282 1025 1410 1118 altera,
1437 1025 1560 1118 ambo,
1593 1023 1767 1102 uidelicet
1792 1037 1864 1100 tam
1890 1023 1966 1100 dnx
1992 1050 2094 1125 qnam

413 1131 608 1253 episcopus
627 1132 706 1227 jam
731 1124 896 1228 predicti,
922 1151 987 1228 pro
1014 1151 1057 1204 se
1084 1139 1122 1203 et
1146 1129 1223 1202 suis
1249 1128 1527 1205 suecessoribus
1545 1126 1775 1206 concorditer
1799 1139 1837 1205 et
1850 1142 1887 1203 nt
1913 1153 2024 1231 snpra
2036 1127 2094 1204 di-

413 1249 504 1313 crtnr
529 1257 578 1308 ex
605 1243 706 1308 certa
731 1231 896 1307 sciencia
921 1233 1234 1332 compromiserrmt
1260 1245 1298 1308 ct
1323 1244 1599 1325 consensemnt,
1633 1257 1701 1308 eos
1734 1233 1838 1308 sind
1871 1245 1910 1310 et
1937 1233 2093 1334 quelibet

412 1363 497 1440 pars
522 1360 610 1412 snos
636 1334 767 1434 elegit,
794 1334 994 1426 nominarit,
1020 1333 1207 1426 ordinavit,
1236 1336 1419 1412 constitnit
1444 1347 1482 1412 et
1506 1337 1703 1438 assumpsit
1727 1347 1903 1437 tamqnam
1928 1337 2092 1428 arbitros,

338 1443 341 1448 ’
411 1439 653 1530 arbitratores,
675 1438 1018 1540 compromissarios,
1041 1437 1262 1532 laudatores,
1290 1437 1515 1534 diffinitores,
1543 1439 1754 1517 amicabiles
1781 1441 2042 1542 compositores
2057 1455 2094 1516 et

412 1567 614 1622 communes
643 1543 779 1618 amicos
805 1553 997 1642 presentes
1023 1553 1061 1618 et
1077 1543 1112 1617 in
1131 1567 1175 1619 se
1194 1543 1482 1644 compromissum
1506 1567 1573 1620 sen
1591 1543 1768 1620 arbitrium
1784 1569 1939 1645 presens
1965 1556 2093 1645 sponte

411 1647 666 1749 suscipientes,
693 1644 824 1722 dantes
852 1657 889 1722 et
915 1643 1162 1722 concedentes
1195 1644 1334 1724 eisdem
1359 1647 1505 1748 plenum
1525 1645 1726 1722 mandatnm
1752 1659 1790 1724 et
1814 1648 1962 1723 liberam
1987 1661 2092 1748 pote·

411 1761 560 1843 atatem
589 1761 626 1825 ut
650 1751 791 1852 possint
815 1773 939 1824 omnes
971 1750 1072 1826 simul
1099 1751 1160 1826 vel
1186 1749 1391 1850 disjunctim
1416 1775 1495 1826 enm
1520 1750 1604 1825 aliis
1621 1775 1711 1850 qnos
1737 1752 1807 1827 sibi
1827 1751 2003 1828 voluerint
2029 1763 2092 1825 so-

411 1856 502 1932 ciari
526 1855 561 1929 in
585 1854 772 1955 premissis
799 1854 959 1928 omnibns
985 1865 1023 1930 et
1048 1855 1199 1954 singulis
1226 1852 1274 1931 de
1300 1856 1425 1954 plano,
1459 1855 1539 1930 sine
1566 1855 1715 1956 strepitu
1749 1866 1788 1931 ot
1811 1855 1927 1954 figura
1952 1855 2092 1931 exami-

409 1983 499 2036 nare
528 1968 654 2060 partes
685 1956 735 2032 ad
766 1955 982 2034 audiendum
1007 1959 1246 2050 sentenciam,
1271 1947 1495 2058 preceptum,
1523 1951 1792 2050 diffinicionem,
1844 1957 2092 2036 rononoiacio·

410 2087 509 2154 nem,
541 2063 720 2138 arbitrium
745 2062 826 2136 sire
851 2058 994 2136 landum
1020 2061 1079 2136 vel
1106 2059 1156 2136 ad
1181 2061 1255 2136 alia
1287 2062 1417 2152 citare,
1451 2085 1518 2137 seu
1552 2063 1667 2138 eciam
1699 1983 1901 2163 procedere
1932 2063 2092 2163 partibus

247 2143 261 2214 '⁴
411 2192 480 2243 non
508 2165 629 2242 citatis
655 2176 693 2242 et
717 2162 811 2240 diem
838 2162 887 2240 ad
911 2162 1209 2264 pronunciandum
1235 2163 1296 2240 vel
1322 2163 1494 2240 adalind
1521 2164 1723 2242 laciendum
1745 2167 1920 2268 profixam
1945 2165 2093 2242 ulterius

410 2271 584 2372 quociens
611 2270 666 2346 eis
692 2267 869 2344 videbitur
893 2266 1166 2369 prorogandam,
1192 2280 1328 2368 partem
1341 2279 1585 2345 contumacem
1602 2269 1776 2346 mulctare
1793 2282 1831 2346 et
1847 2295 1913 2372 per
1930 2294 1974 2346 se
1991 2271 2092 2370 ipsos

411 2375 472 2452 vel
498 2375 647 2451 altomm
671 2373 827 2475 ipsorum
843 2371 1090 2473 pronunciare,
1118 2369 1282 2462 diffinire,
1308 2369 1471 2462 laudare,
1498 2373 1672 2464 arbitrari,
1700 2371 1878 2465 ordinare,
1904 2375 2093 2474 precipere

411 2503 478 2556 sen
505 2475 694 2569 mandare,
729 2476 843 2552 semel
870 2485 908 2552 ct
932 2475 1079 2577 pluries,
1111 2475 1324 2574 conjunctim
1350 2475 1410 2550 vel
1436 2472 1595 2566 divisim,
1629 2477 1731 2552 mmo]
1757 2477 1816 2553 rel
1843 2501 1954 2579 snper
1979 2476 2094 2553 altera

410 2607 533 2660 earum
559 2607 626 2658 sen
652 2581 765 2656 altero
793 2603 924 2670 comm,
952 2577 1077 2655 ordine
1097 2579 1192 2678 juris
1218 2589 1364 2655 servato
1381 2579 1441 2654 vel
1460 2603 1529 2654 non
1547 2593 1705 2673 servato,
1732 2579 1910 2658 ordinarie
1936 2582 1997 2657 vel
2023 2605 2092 2658 ex·

410 2684 657 2776 traordinarie‚
685 2682 814 2761 diebus
839 2682 979 2760 feriatis
1006 2696 1044 2759 et
1069 2707 1137 2758 non
1163 2681 1315 2774 seriatis,
1342 2681 1507 2759 sedendo
1533 2683 1595 2760 vel
1620 2681 1772 2776 stando,
1798 2684 1834 2758 in
1860 2685 2006 2786 scriptis
2030 2685 2090 2760 vel

411 2793 491 2884 sinc
517 2789 662 2891 scriptis
688 2801 726 2864 et
751 2787 844 2862 alias
871 2787 1161 2886 qualitercunque
1187 2787 1247 2862 rel
1273 2784 1566 2886 quandocunque,
1592 2801 1696 2888 prout
1721 2787 1777 2864 eis
1800 2788 1928 2864 melios
1950 2785 2087 2864 videbi-

410 2909 467 2970 tur
492 2891 685 2995 expedire‚
720 2891 816 2966 nullo
842 2891 1073 2991 pretermisso
1100 2891 1278 2982 obstante,
1305 2890 1397 2965 omni
1422 2889 1512 2965 bora
1537 2902 1576 2967 et
1599 2891 1694 2984 loco,
1722 2903 1871 2993 utraque
1896 2905 1996 2994 parte
2021 2893 2089 2966 ab·

410 3009 517 3076 sente
541 2997 604 3074 vel
620 3005 799 3098 ,presente
828 2993 889 3071 vol
905 3019 992 3070 ¹nna
1023 3006 1194 3096 presente
1227 3003 1264 3070 et
1295 2994 1412 3070 altera
1445 2995 1597 3070 absente
1623 3007 1661 3070 et
1686 2993 1781 3095 qnod
1813 2997 1955 3096 possint
1978 2995 2091 3072 semel

410 3101 473 3178 rel
502 3101 638 3203 plunies
670 3111 707 3176 et
739 3100 856 3177 eciam
879 3096 1162 3199 quandocunque
1187 3095 1341 3199 ipsomm
1374 3098 1595 3176 sentenciam
1620 3098 1681 3176 vel
1707 3100 1930 3192 sentencias,
1958 3097 2090 3175 diffini·

412 3206 568 3296 cionem,
596 3203 944 3305 pronunciationem,
971 3199 1252 3293 ordinacionem,
1280 3200 1430 3296 dictum,
1457 3211 1675 3304 preceptum,
1701 3203 1878 3278 arbitrium
1904 3205 1986 3280 siro
2011 3203 2092 3278 lan·

412 3305 497 3382 dnm
520 3307 761 3408 interpretari,
786 3303 994 3398 declarare,
1022 3307 1221 3406 corrigere,
1248 3305 1459 3398 reformare,
1490 3304 1687 3383 secundnm
1712 3305 1808 3408 qnod
1834 3307 1891 3385 eis
1917 3303 2093 3384 ridebitur

414 3407 603 3511 expedire.
630 3411 872 3486 Promisernnt
897 3407 1121 3486 adinvicem
1147 3409 1294 3510 insuper
1318 3406 1417 3487 dicte
1441 3421 1565 3510 partes
1590 3435 1657 3511 per
1682 3411 1911 3532 sollempnem
1937 3410 2092 3512 stipula·

414 3512 566 3634 monem,
592 3521 703 3596 stare,
727 3536 858 3632 parere
884 3511 1263 3635 acobedireipsomm
1287 3511 1409 3607 laudo,
1427 3511 1536 3606 dicto,
1562 3538 1669 3636 pene,
1695 3515 1851 3607 arbitrio,
1877 3515 2092 3635 pronuncia-

413 3623 721 3814 tidndmdldgdrlbt?
731 3639 937 3818 alpbrrdlllddd
956 3615 1688 3822 dtelinddidladdeddllddnlidrlpildcddlpdd
1705 3628 1863 3816 ritclddd,
1882 3617 2091 3814 dagoild:

415 3821 524 3921 genio
551 3821 631 3896 sive
656 3817 773 3912 modo,
800 3819 848 3896 de
867 3826 952 3920 jure
977 3821 1038 3899 vel
1064 3822 1112 3901 de
1137 3824 1249 3915 laeto,
1275 3825 1473 3902 verbovel
1499 3849 1628 3924 opero,
1654 3849 1720 3926 per
1745 3850 1789 3902 se
1814 3825 1875 3903 vel
1899 3825 2092 3928 interposi·

416 3936 476 4000 tas
502 3945 691 4024 personas,
718 3947 787 4022 qne
812 3924 903 4000 inter
926 3925 1029 4027 ipsos
1054 3953 1164 4028 super
1194 3927 1381 4028 premissis
1406 3928 1466 4004 vel
1499 3927 1617 4028 aliquo
1648 3929 1898 4031 premissomm
1923 3927 2090 4020 dixerint,

416 4027 582 4120 fecerint,
615 4029 938 4128 pronunciaverat,
969 4027 1196 4108 diffiniverint
1228 4055 1293 4107 sen
1328 4030 1459 4108 luerint
1482 4032 1641 4108 arbitrati
1667 4046 1704 4110 et
1729 4030 1823 4134 quod
1849 4043 1975 4110 contra
1988 4034 2091 4136 ipso-

415 4157 492 4208 rum
516 4141 723 4234 preceptum
748 4131 808 4208 vel
833 4131 1008 4208 arbitrium
1042 4159 1112 4210 non
1143 4133 1374 4237 appellabunt
1405 4161 1476 4214 neo
1505 4137 1789 4239 appellaeionem
1820 4149 2090 4239 prosequentur,

417 4235 547 4311 nnllnm
572 4235 782 4337 rescriptum
806 4235 868 4312 vel
890 4235 1111 4338 privilegium
1136 4263 1203 4339 per
1226 4263 1270 4314 se
1295 4239 1355 4314 vel
1380 4239 1486 4315 alium
1517 4265 1584 4318 seu
1611 4240 1703 4317 alios
1729 4253 1792 4316 aut
1816 4241 1964 4318 alterum
1988 4242 2090 4344 ipsu·

417 4361 490 4412 rum
517 4337 726 4440 specialiter
749 4339 982 4440 impetrabunt
1005 4365 1076 4418 nec
1102 4352 1241 4418 utentur
1265 4343 1481 4444 impetratis,
1513 4345 1611 4421 nulla
1636 4345 1814 4446 excepcio
1845 4369 1912 4448 per
1935 4345 2090 4446 ipsorum

418 4440 568 4540 aliquem
595 4453 791 4543 opponetur
815 4453 853 4520 et
877 4443 912 4518 in
937 4445 1110 4545 integrum
1135 4446 1320 4522 restitucio
1353 4473 1421 4524 non
1452 4461 1610 4552 petetur,
1642 4472 1711 4525 neo
1743 4445 1833 4523 illnd
1865 4448 1995 4548 corrigi
2025 4471 2091 4550 per

418 4545 637 4746 tritt?
650 4545 2090 4734 bodl{etl¹¹ttttlttlttlstttttlstetlttutttt

418 4750 480 4825 vel
504 4703 678 4830 infirmiore
702 4705 826 4834 valeal
849 4754 1051 4856 hujusmodi
1077 4759 1363 4860 compromissum
1379 4761 1440 4837 vel
1465 4683 1653 4854 arbitriuilr,
1679 4761 1714 4836 in
1737 4769 1812 4836 toto
1829 4759 1890 4836 vel
1912 4759 1948 4836 iu
1973 4770 2087 4862 parte,

305 4879 311 4892 κ
419 4852 482 4928 vel
508 4877 558 4930 ex
581 4879 737 4955 persona
761 4859 965 4936 arbitromm
990 4859 1050 4938 vel
1075 4861 1230 4965 ipsarum
1255 4864 1412 4964 parcium
1436 4866 1613 4966 personis,
1640 4889 1706 4942 seu
1724 4887 1773 4942 ex
1789 4861 1904 4940 forma
1926 4885 2089 4964 compro-

420 4954 520 5032 missi
545 4958 606 5034 vel
630 4961 772 5055 arbitrii,
800 4975 861 5040 ant
886 4989 935 5042 ex
961 4962 1071 5044 rebus
1094 4965 1155 5044 vel
1181 4967 1306 5046 carreis
1323 4962 1371 5044 de
1388 4969 1514 5068 quibus
1530 4969 1621 5049 iuter
1639 4965 1758 5048 dictas
1775 4979 1900 5071 partes
1925 4989 2089 5069 compro-
