4524 5770
386 512 438 590 34
897 513 1106 588 ortonam
1173 513 1341 586 XXVII.
1373 511 1567 584 XXVIII.

384 719 487 796 laus
507 713 628 820 judex
655 717 765 808 curie,
794 707 887 792 dom.
905 713 1230 810 scarbimirus,
1257 713 1351 793 dom.
1369 717 1568 817 Dyrsco‚
1596 713 1690 790 dom.
1710 713 1944 790 lulinlans
1967 715 2074 792 Kel-

386 824 596 912 ohouicn‚
623 818 716 896 dom.
740 817 978 898 Raduanus
1002 819 1230 922 subdapiler‚
1258 820 1350 898 dom.
1375 822 1566 923 Wysso,
1592 819 1815 895 Pontinus
1841 820 2073 896 subcamera-

385 928 460 1004 rius
484 937 522 1004 et
545 925 605 1001 alii
630 923 867 1102 quamplures.
907 923 1039 1000 Datum
1062 925 1096 998 in
1120 925 1342 1024 chrricz,
1375 925 1462 1000 llll.
1488 947 1603 1003 nonos
1626 922 1859 1016 Decembris,
1887 947 1979 1000 auno
2005 920 2074 999 do-

385 1032 468 1108 mini
485 1026 729 1110 MCCLXVI

1124 1367 1340 1455 XXVIII.

464 1563 587 1635 dourad,
609 1562 718 1634 llrmoss
738 1573 793 1622 ron
815 1558 965 1620 tollrolrn
987 1559 1132 1634 (dioran),
1154 1557 1301 1622 rorolotot
1321 1562 1386 1622 ton
1407 1559 1541 1621 blittolo
1563 1559 1684 1622 Thomu
1706 1573 1762 1622 ror
1783 1559 1910 1632 tractu,
1932 1560 1995 1620 ton

597 1662 782 1724 lrrttrchoto
804 1659 979 1722 vladrltrr
1001 1662 1214 1722 maurontum
1237 1665 1288 1724 dor
1311 1663 1589 1724 othnachrnlrchrn
1611 1677 1648 1722 tu
1669 1663 1868 1738 solomanum

387 1817 445 1868 Anu
464 1818 521 1866 dom
540 1815 671 1882 Ortglnrlo
688 1815 722 1866 in
740 1814 920 1866 drobnans·
937 1813 1112 1878 Domcapitala
1134 1814 1211 1864 nn.
1233 1808 1276 1864 tt
1320 1815 1365 1866 Αιι
1381 1815 1646 1881 regeneratoru-
1670 1816 1751 1880 lrtngt
1772 1815 1819 1864 du
1841 1819 1924 1864 otum
1948 1814 2071 1864 roncare

403 1905 493 1971 Siagcl
511 1905 558 1954 da·
576 1903 695 1968 Herzog·
712 1913 765 1950 ron
783 1901 906 1950 walanam
923 1901 1051 1963 wachna,
1069 1901 1114 1950 mit
1132 1901 1179 1950 der
1196 1901 1353 1952 Umochriltr
1372 1901 1443 1953 CON
1455 1935 1462 1950 .
1534 1902 1553 1950 S
1571 1902 1631 1950 Dlll
1650 1899 1699 1952 on
1710 1934 1717 1950 .
1727 1934 1735 1950 .
1814 1933 1822 1951 .
1833 1901 1879 1949 nn
1894 1899 2053 1952 nouom.

488 2037 700 2126 Venerabili
716 2037 751 2112 iu
770 2033 918 2114 Christo
934 2034 1028 2138 patri
1045 2033 1263 2135 T(home)
1289 2035 1463 2138 episcopo
1482 2037 1619 2112 Wrat.
1647 2033 1936 2134 cqonradus)
1962 2032 1997 2109 d.
2016 2057 2070 2134 gr.

386 2142 463 2219 dux
485 2141 645 2218 Slesie
667 2140 818 2216 salutem
843 2151 880 2216 ct
903 2141 1029 2215 bonam
1051 2139 1087 2213 in
1113 2139 1272 2215 omnibns
1296 2139 1524 2216 voluntatem.
1566 2139 1825 2232 Intelleximus,
1852 2137 2070 2239 questionem

385 2247 521 2323 factam
539 2270 627 2322 osse
644 2243 749 2320 vobis
766 2269 831 2345 per
854 2243 999 2319 fratrem
1025 2253 1180 2318 nostrum
1205 2240 1297 2318 dom.
1323 2241 1451 2322 docem
1468 2241 1824 2343 Wlo(dislaum)
1852 2240 2071 2344 eundemque

386 2349 696 2450 archiepiscopum
714 2347 1100 2446 salzburgensem
1126 2371 1236 2448 snper
1259 2347 1465 2448 patrimonio
1489 2347 1586 2424 beati
1601 2347 1790 2440 Iohannis,
1817 2343 1990 2424 videlicet
2014 2343 2071 2420 di·

386 2455 511 2530 strictu
532 2451 793 2529 Otmuchori
805 2452 923 2544 ensi,
949 2451 984 2525 in
1003 2474 1071 2552 quo
1090 2448 1263 2550 quasdam
1286 2463 1403 2528 terras
1420 2451 1540 2527 nititur
1555 2449 1752 2530 vendicare
1771 2461 1807 2528 et
1823 2451 1858 2525 iu
1876 2449 2071 2526 hominibus

387 2568 424 2636 et
448 2557 541 2636 loci·
567 2555 768 2632 constitutis
791 2553 921 2631 ibidem
946 2552 1098 2655 quedam
1116 2559 1202 2655 jura
1228 2565 1265 2631 et
1287 2555 1445 2634 servicia
1467 2579 1607 2634 necnon
1632 2555 1706 2630 alia
1729 2556 1917 2657 optinere.
1938 2610 1947 2628 .
1968 2611 1976 2628 .
1997 2611 2006 2628 .
2031 2555 2071 2644 ¹),

386 2685 526 2762 cogens
551 2657 700 2737 eosdem
725 2659 885 2735 homines
908 2659 1032 2736 venire
1056 2656 1105 2733 ad
1130 2659 1339 2754 exercitum,
1367 2657 1508 2760 quando
1531 2661 1624 2736 inter
1650 2685 1728 2736 eom
1754 2685 1804 2736 ex
1829 2683 1899 2734 una
1915 2669 2017 2760 parte
2035 2673 2073 2733 et

385 2791 453 2842 nos
472 2763 532 2842 vel
548 2764 774 2840 karissimum
793 2763 938 2838 fratrem
955 2773 1122 2855 nostrum,
1149 2760 1241 2839 dom.
1261 2761 1390 2840 ducem
1408 2763 1672 2840 Boleslaum
1691 2787 1740 2840 ex
1758 2763 1874 2840 altera
1890 2759 2072 2839 dissensio

385 2869 585 2946 intervenit.
621 2864 727 2958 Quod
744 2867 778 2942 si
793 2868 846 2942 ita
863 2879 922 2943 est
947 2864 1154 2944 mandamus
1171 2867 1286 2962 vobis,
1314 2879 1353 2942 ot
1368 2868 1403 2943 in
1423 2867 1517 2943 nullo
1536 2868 1604 2946 sibi
1623 2893 1734 2970 snper
1749 2868 1830 2944 istis
1849 2863 2072 2970 respondere

385 2973 612 3076 presumatis,
640 2997 720 3046 nam
738 2971 935 3047 elemosina
952 2969 1253 3072 predecessorum
1269 2983 1477 3064 nostrorum,
1505 2995 1574 3072 que
1591 2984 1663 3047 tam
1680 2971 1881 3048 notabiliter
1899 2981 1936 3048 et
1952 2971 2071 3048 racio-

385 3078 552 3155 nabiliter
569 3078 675 3152 beato
690 3075 848 3153 Iohanni
866 3085 925 3152 est
942 3075 1088 3167 collata,
1108 3100 1177 3153 nec
1193 3099 1259 3178 per
1275 3075 1419 3152 fratrem
1436 3085 1594 3151 nostrum
1611 3074 1967 3174 W(ladislaum)
1986 3099 2070 3177 pre-

386 3180 518 3258 dictum
537 3205 607 3258 nec
623 3205 691 3282 per
707 3180 859 3280 aliquem
877 3179 983 3255 alium
1000 3179 1130 3281 poterit
1146 3181 1328 3272 revocari,
1355 3204 1425 3256 nec
1449 3177 1593 3280 aliquod
1611 3183 1677 3279 jus
1695 3179 1856 3282 speciale
1872 3181 1987 3281 ipsum
2003 3179 2072 3253 ibi-

386 3284 468 3362 dem
490 3285 627 3361 habera
655 3282 818 3377 dicimus,
845 3281 941 3384 quod
965 3283 1206 3385 patrimonium
1230 3309 1373 3386 semper
1396 3283 1561 3384 speciale
1585 3295 1623 3360 et
1640 3280 1791 3360 divisum
1814 3283 1893 3375 suit,
1919 3307 1988 3360 nec
2005 3307 2072 3356 un-

387 3413 490 3488 quam
513 3389 723 3462 nominatum
749 3399 807 3463 cst
830 3388 923 3464 inter
947 3397 1091 3464 nostras
1110 3385 1307 3464 divisiones
1332 3413 1401 3465 uec
1420 3411 1514 3487 equa
1531 3398 1635 3464 esset
1652 3384 1782 3464 divisio
1799 3387 1902 3463 nobis
1920 3399 1957 3464 et
1973 3385 2073 3461 fratri

386 3505 508 3566 nostro
527 3488 619 3566 dom.
638 3489 722 3566 duci
739 3489 1017 3589 B(olcsleo)
1042 3490 1154 3582 lacu,
1182 3492 1214 3565 si
1239 3489 1480 3592 patrimonium
1498 3491 1532 3566 b.
1550 3491 1739 3584 Johannis,
1768 3491 1911 3568 scilicet
1928 3488 2071 3567 Otrou-

388 3594 652 3673 choviensis
678 3592 863 3670 districtus
887 3591 937 3670 ad
959 3595 1164 3696 porcionem
1188 3594 1309 3670 fratris
1334 3595 1444 3670 nostri
1469 3591 1560 3670 dom.
1579 3591 1684 3672 ducis
1701 3593 1994 3694 Wlo(dislai)
2012 3593 2072 3670 vel

386 3698 572 3775 Henrioi
595 3698 707 3772 nostri
732 3697 914 3799 reponat)
939 3707 1135 3798 spectaret.
1180 3695 1286 3774 Unde
1313 3699 1407 3775 sicut
1430 3695 1579 3799 diligitis
1604 3697 1773 3776 decorem
1798 3696 1923 3774 domus
1949 3696 2009 3774 dci
2035 3711 2073 3774 et

385 3813 543 3881 restrum
561 3801 731 3876 honorem
748 3811 786 3877 et
802 3801 917 3877 anime
940 3811 1064 3876 vestre
1088 3801 1251 3894 salutem,
1279 3827 1388 3903 super
1412 3811 1483 3878 tam
1510 3799 1622 3878 arduo
1647 3804 1801 3903 negocio
1819 3803 1899 3880 sine
1916 3807 2071 3878 assensn

387 3908 536 3984 omnium
553 3914 777 4008 patronorum
793 3901 1015 4006 respondere
1034 3927 1101 3980 non
1120 3906 1346 4006 presumatis,
1373 3929 1442 3984 nec
1465 3905 1677 4010 permittatis
1697 3907 1858 3984 homines
1876 3917 2019 3983 vestros
2036 3905 2071 3980 in

387 4009 608 4114 supradictis
626 4007 787 4086 articulis
803 4010 816 4084 i
842 4009 919 4084 sius
936 4009 1063 4088 facere
1079 4009 1308 4087 volontatem.
1335 4009 1467 4088 Datum
1483 4011 1519 4086 in
1537 4010 1746 4112 Glogow‚
1764 4011 1800 4088 in
1817 4009 1879 4088 dic
1896 4011 1930 4087 h.
1944 4009 2071 4096 Blasii,

388 4136 479 4192 anno
498 4113 626 4192 domini
643 4111 791 4194 MCCL
832 4112 937 4188 Vlll.

433 4391 465 4468 1)
493 4387 569 4452 liier
591 4388 630 4452 ist
651 4397 746 4454 etwas
766 4387 936 4470 anmadirt,
958 4386 1085 4454 obwohl
1106 4388 1141 4451 in
1163 4377 1221 4452 dei·
1242 4386 1342 4477 Copia
1364 4387 1409 4454 im
1429 4383 1511 4452 liber
1538 4387 1569 4454 n'
1593 4411 1628 4454 er
1649 4385 1885 4538 privilegiorum
1904 4409 1922 4452 e
1946 4385 2078 4476 iscopn-

495 4479 544 4534 tus
567 4471 671 4536 Wrat.
693 4469 748 4537 fol.
770 4473 834 4538 407
862 4472 951 4540 nicht
977 4471 1068 4540 mehr
1091 4473 1207 4538 Worte
1227 4469 1351 4553 slehen,
1371 4471 1431 4538 wie
1453 4473 1535 4538 auch
1580 4497 1631 4540 em
1676 4497 1750 4538 rnne
1771 4471 1855 4540 nach
1876 4472 1909 4538 ni
2000 4493 2078 4536 ver-

493 4553 704 4716 pqqqqiqqppg'
730 4637 922 4705 Erszschol'
943 4663 1006 4706 von
1029 4637 1123 4705 Salch
1189 4689 1198 4720 ‚
1225 4640 1360 4730 rogiente
1388 4641 1447 4706 mit
1472 4643 1591 4708 seinem
1611 4641 1734 4707 Broder
1755 4640 1906 4707 Heinrich
1926 4639 1979 4706 Ill
2005 4641 2079 4706 und

432 4729 467 4804 Ξ)
495 4720 579 4787 noch
600 4722 700 4786 dieses
720 4721 814 4788 Tode
837 4724 929 4805 1266,
949 4727 1008 4790 mit
1029 4725 1139 4826 desoep
1186 4724 1270 4792 ohne
1291 4725 1443 4792 Heinrich
1464 4727 1516 4793 lv.
1537 4751 1601 4794 uon
1622 4727 1760 4808 hredun,
1782 4723 2080 4820 gemeinschoillich

497 4807 576 4874 oder
596 4803 642 4872 als
664 4805 719 4872 des
737 4805 872 4874 letztern
895 4811 1072 4890 Vorrnund‚
1094 4810 1143 4877 brs
1164 4833 1199 4876 er
1221 4811 1307 4914 ltro
1324 4811 1420 4878 starh.
