4634 5762
387 505 441 584 Μ
911 517 921 557 '⁴
1010 503 1242 577 Demeam·
1267 503 1482 576 erXXXVn
1502 535 1518 562 Ιι
1555 540 1562 566 ·.
1583 505 1599 565 ἰ

388 703 1065 902 bertunense
1088 703 2085 924 mb‘lttddlddbtssdtblltt

388 929 465 996 tem
486 917 661 996 'vestram
680 915 775 991 siout
809 912 997 992 ὀιιιιῖιιιιιίιΙ
1026 937 1105 990 eum
1129 911 1311 988 mandato
1329 909 1523 990 sufficienti
1544 911 1955 987 misimus-insomnem
1987 922 2026 988 et
2048 925 2087 990 ut

388 1019 490 1098 idem
508 1018 965 1115 donrinus'dollranoes)
990 1013 1130 1092 archid
1157 1017 1515 1093 Lancbicieosis
1533 1013 1813 1108 ἶιιιιιιιιίΐιιιὶιιίιιι
1836 1013 1967 1114 niagno
1988 1013 2086 1092 tedio

388 1127 536 1226 propter
551 1121 799 1203 difficultatem
823 1121 860 1198 et
883 1119 1095 1197 arduitatem
1121 1119 1352 1220 negociorum
1370 1117 1573 1196 norbanum
1593 1118 1825 1196 eteoclesie
1846 1131 1988 1210 nube,
2016 1117 2085 1219 quc

388 1230 425 1304 io
443 1229 543 1304 eurio
558 1227 623 1327 p're
640 1225 802 1301 manibus
821 1226 898 1300 sois
917 1225 1030 1300 babet
1045 1225 1212 1299 mittimus
1224 1222 1280 1298 'ad
1295 1221 2084 1325 ipsomeapellarirrmzet'rrotarium'obstrumr

388 1331 597 1430 ina'glstrom'
618 1331 811 1422 P'etrom,
838 1329 898 1428 q'ui
918 1329 1038 1430 ipsum
1061 1329 1097 1403 in
1115 1328 1186 1404 lriis
1212 1339 1250 1403 et
1272 1327 1361 1403 aliisi
1371 1327 1545 1426 'negociis
1560 1325 1696 1402 nosen
1718 1333 1757 1402 et
1780 1325 1944 1404 ecclesie
1961 1337 2084 1402 nostre

384 1437 494 1536 ju'rrta
505 1434 786 1534 possibilitatem
810 1456 922 1508 suarn-
936 1430 1088 1531 adjuret
1112 1441 1152 1508 et
1174 1429 1379 1532 adportet,
1407 1448 1488 1507 cunr
1513 1429 1671 1530 qualibet
1693 1453 1755 1506 res
1773 1429 1839 1530 p'er
1855 1428 1948 1504 dues
1965 1429 2084 1506 meio·

390 1553 428 1616 ct
443 1538 570 1614 melius
589 1538 668 1635 geri
684 1537 809 1612 valeat
825 1561 929 1636 quam
946 1535 1012 1637 p'er
1030 1558 1144 1609 ιιιιιιιι.Ι
1197 1533 1250 1610 Et
1267 1535 1432 1635 quoniam
1446 1536 1579 1609 firmum
1595 1532 1842 1633 estju'dioium
1860 1531 1956 1632 qnod
1974 1531 2084 1634 pluri-s

389 1665 519 1718 murum
538 1641 735 1716 sentenciis
752 1641 954 1728 roboratur,
982 1639 1151 1738 rogamus
1174 1664 1261 1728 ros,
1289 1635 1343 1730 ul,
1370 1638 1465 1714 sicot
1488 1637 1582 1714 bebo
1599 1637 1807 1738 incepistis,
1831 1635 1899 1744 'pro
1916 1637 2084 1714 libertate

388 1755 572 1821 noscaet
587 1753 710 1820 nostre
730 1743 894 1820 ecclesie
910 1743 1094 1834 laborare,
1112 1742 1320 1819 'eeclesiam
1333 1743 1450 1842 ipsam
1459 1797 1472 1836 ,
1499 1741 1568 1841 quie
1584 1765 1654 1816 ros
1672 1755 1831 1841 tempere
1848 1737 2084 1818 necessitatis

388 1873 458 1924 nou
476 1847 645 1936 deseret,
671 1847 955 1948 proot‘poteritis
970 1847 1117 1936 melius,
1144 1841 1240 1945 qnod
1255 1857 1380 1921 vestro
1398 1843 1533 1920 booorit
1548 1843 1712 1944 coo'gnrit
1728 1843 1915 1944 adjuvatis
1931 1844 2084 1946 prelatis

389 1951 541 2028 dominis
556 1951 585 2027 J
590 1951 611 2025 o
622 1950 801 2046 (banne)
829 1961 866 2026 et
890 1949 1062 2048 magistro
1080 1950 1254 2048 P(etro)
1269 1947 1382 2025 cirea
1406 1949 1562 2049 negocia
1585 1960 1710 2024 matra
1727 1961 1765 2024 et
1782 1948 1946 2024 ecclesie
1963 1959 2085 2029 nostre

389 2053 583 2132 tractanda
598 2055 663 2154 pro
680 2057 815 2128 restris
832 2055 967 2128 viribus
986 2051 1217 2143 assistentes,
1244 2049 1490 2153 principaliter
1513 2065 1553 2127 ut
1567 2077 1635 2153 per
1650 2049 1868 2152 adjutorium
1880 2049 1976 2126 dbm.
1993 2049 2084 2126 [ιιι-ὲ

390 2159 473 2234 tini
497 2156 696 2234 cardinalis
720 2157 777 2258 ep.
803 2157 1069 2232 Hosti'ensis
1096 2167 1133 2232 et
1156 2155 1534 2246 Wellet'rerlsis¹)'
1555 2155 1600 2232 'et
1619 2155 1716 2232 dom.
1741 2153 1939 2233 llirmani
1962 2179 2020 2256 cp
2048 2153 2086 2232 et

390 2262 537 2337 alionrm
561 2261 752 2336 amicornm
776 2259 996 2352 vestronrm‚¹
1020 2257 1163 2359 qnoruoi
1186 2257 1291 2335 nobis
1315 2261 1515 2360 patrocinia
1537 2258 1721 2359 prodesse
1743 2273 1925 2360 poterunt,
1953 2255 2084 2334 corilir-

389 2366 506 2442 mocio
523 2365 657 2440 arbitrii
674 2375 804 2463 quanto
831 2364 946 2440 oibius
970 2363 1048 2438 lieri
1069 2363 1202 2464 poterit
1224 2361 1320 2464 apu'd
1346 2361 1481 2439 sedem·
1499 2361 1735 2464 apostolicam
1759 2361 1811 2438 eri
1831 2375 1937 2438 certa
1959 2361 2083 2439 scieri-

391 2469 450 2544 oia
465 2469 589 2543 valeat
607 2469 756 2542 obtineri
774 2477 813 2543 et
827 2465 922 2566 quod
940 2465 1103 2542 dominus
1121 2467 1281 2567 archiep.
1295 2465 1584 2542 Guezneosis
1603 2463 1766 2542 ecclesie
1784 2463 2084 2566 'etsuffmganens

391 2592 479 2646 sous
505 2595 563 2671 ep.
582 2567 1008 2645 Wladinlauien'si's
1032 2581 1252 2646 executores
1279 2594 1370 2669 quos
1393 2568 1443 2646 ad
1468 2570 1538 2645 hoo
1560 2568 1694 2646 fideles
1717 2581 1756 2646 et
1778 2568 1944 2671 ydoneos
1960 2568 2084 2646 erede

391 2697 488 2764 mus,
507 2675 636 2774 'super
662 2674 744 2774 ipso
769 2673 913 2749 arbitrio
931 2673 970 2748 ‘a
1000 2671 1094 2749 sede
1125 2673 1330 2774 apostoliea
1354 2672 1577 2773 deputentur.
1637 2673 1693 2750 ln
1715 2671 1768 2764 si',
1794 2671 1965 2750 atrabis
1985 2674 2085 2774 prius

392 2775 622 2876 scripsimus,
648 2777 824 2875 magister
846 2773 1097 2852 [lodwicus
1123 2801 1187 2878 pro
1210 2787 1315 2880 parte
1339 2775 1444 2853 ducis
1463 2775 1518 2852 'od
1542 2777 1675 2854 coriam
1692 2775 1863 2867 veniens,
1890 2779 2004 2879 ipsum
2022 2801 2084 2851 ar·

392 2879 527 2955 bitu-ium
543 2879 737 2980 rolo(er)it
751 2879 972 2983 impugnare,
997 2891 1144 2981 propter
1160 2877 1267 2956 deum
1284 2879 1467 2980 assurgite
1484 2905 1556 2955 una
1573 2903 1653 2966 cum
1669 2877 1824 2982 prelatis
1840 2881 2082 2980 Jo(banne)

392 2993 433 3060 et
446 2983 644 3083 P(etro),
671 2981 854 3083 adjunctis
873 2984 988 3059 eciam
1006 2983 1133 3060 amicis
1149 2985 1284 3060 vestris
1309 2983 1399 3089 quos
1415 2985 1452 3060 in
1471 2983 1572 3061 euiia
1588 2984 1726 3060 habere
1743 2983 1908 3088 poteritis
1928 2985 2077 3061 uobiset
2205 2988 2206 2991 ’

391 3086 554 3164 ecclesie
571 3097 694 3164 nostre
711 3087 970 3164 favorabilibus
989 3097 1026 3163 et
1042 3087 1214 3190 propiciis
1236 3087 1402 3180 viriliter,
1429 3099 1467 3164 et
1489 3087 1645 3164 fideliter
1670 3089 1768 3165 sicot
1790 3086 1839 3164 de
1862 3089 1968 3164 robis
1992 3085 2083 3166 eoli-

389 3187 531 3265 lldimos
548 3191 746 3284 resistatis,
773 3215 823 3267 ne
844 3189 1028 3293 quoueper
1045 3189 1294 3266 Firmandm
1318 3215 1375 3292 ep.
1399 3189 1465 3294 pro
1490 3199 1614 3268 nostre
1636 3192 1804 3268 libertate
1826 3192 1992 3268 ecclesie
2015 3192 2082 3267 rito

391 3305 429 3370 et
445 3293 618 3392 legittime
636 3291 832 3370 ordinatum
850 3306 927 3385 est,
953 3319 1020 3405 per
1037 3296 1311 3379 canillaeiones‚
1329 3295 1449 3370 falsas
1466 3294 1726 3394 suggestiones
1742 3306 1783 3371 et
1799 3291 1949 3370 smrolas
1967 3293 2082 3371 oe'ea-

391 3397 515 3472 siodes
533 3395 817 3496 quorumcunque
832 3397 869 3471 in
887 3399 1124 3474 subversione
1142 3398 1306 3475 ecclesie
1324 3397 1447 3474 nostre
1472 3409 1549 3499 etp
1641 3411 1733 3473 tuam
1753 3395 1997 3475 confusionem
2016 3423 2081 3474 no-

390 3503 502 3574 str'am
519 3511 557 3574 et
572 3502 690 3581 tucius
708 3500 797 3576 clen‘
815 3501 927 3574 nostri
944 3499 1068 3576 valeat
1092 3512 1129 3576 et
1150 3502 1270 3614 possit
1292 3499 1518 3602 aliquomodo
1542 3503 1576 3578 in
1602 3500 1723 3595 rmari,
1757 3525 1827 3579 nec
1850 3525 2018 3603 unquam,
2046 3503 2082 3576 si

390 3612 514 3704 potest
536 3604 632 3694 fleri,
660 3601 872 3694 admittetis,
897 3601 993 3702 quod
1015 3615 1122 3680 extra
1139 3606 1272 3680 curiam
1289 3603 1477 3704 negocium
1502 3605 1799 3706 inpungu'acionis
1816 3607 1935 3706 ipsius¹
1950 3605 2082 3682 arbitrii

391 3705 568 3804 aliquibus
586 3703 772 3805 jndicibus
797 3707 1048 3800 committatur,
1073 3709 1319 3809 quiapropter
1333 3711 1534 3809 potenciam
1552 3707 1799 3810 ipsius'doeis
1816 3721 1858 3785 et
1869 3705 2081 3786 violenciam

391 3833 461 3886 neo
477 3821 730 3910 procuratores
754 3833 824 3886 nee
847 3807 1050 3886 advoomos
1072 3813 1266 3910 poterimus
1290 3813 1469 3904 invenire,
1497 3814 1555 3914 qui
1576 3837 1640 3913 pro
1656 3825 1763 3915 parte
1777 3809 2081 3890 ecclesio'ceram

390 3911 523 3988 talibus
541 3911 727 4012 judicibus
745 3911 921 3988 auderent
935 3930 1136 4014 proponere
1159 3911 1293 4014 aliquid
1315 3927 1377 3990 aut
1394 3915 1510 3992 eciam
1527 3915 1712 4016 allegare,
1730 3931 1769 3994 et
1783 3918 1901 4016 magis
1917 3917 2081 3992 rolrrmus

391 4028 429 4092 et
447 4016 623 4115 eligimus,
651 4027 688 4090 ut
706 4016 738 4090 si
756 4027 879 4092 nostra
897 4017 1062 4093 eeclesia
1079 4015 1247 4094 conlundi
1266 4016 1395 4110 debet,
1422 4019 1458 4092 in
1475 4021 1670 4121 presencia
1688 4019 1780 4095 dom.
1797 4031 1949 4122 papeet
1965 4017 2082 4122 ipsius

391 4116 625 4195 cardinalium
648 4124 829 4220 jacturam
852 4119 1030 4196 sustineat
1054 4133 1092 4196 et
1113 4121 1266 4213 ruinam,
1294 4122 1377 4222 quia
1402 4132 1486 4198 tune
1512 4135 1634 4200 nostre
1656 4125 1886 4224 negligencie
1904 4124 2081 4226 quippiam

389 4245 458 4296 non
480 4225 611 4324 poterit
635 4223 814 4324 imputari,
848 4224 881 4298 si
905 4233 1023 4300 autem
1047 4236 1154 4300 extra
1177 4227 1308 4302 coriam
1332 4227 1563 4303 ventilabitur
1590 4227 1779 4326 negocium
1802 4228 1917 4328 ipsios
1942 4228 2077 4303 arbitrii

391 4323 646 4402 confundemur
658 4327 803 4436 penitus
822 4339 859 4401 et
877 4328 991 4404 eciam
1008 4327 1317 4404 irremediabiliter
1334 4327 1591 4440 demergamur.
1624 4331 1811 4407 Noveritis
1830 4331 1957 4421 eciam,
1984 4326 2081 4431 quod

262 4464 267 4475 ¹
341 4450 347 4465 ’
393 4427 683 4526 appellaeiones,
711 4451 802 4527 quas
826 4427 988 4506 domiuus
1007 4427 1082 4504 dux
1106 4444 1232 4507 comba
1247 4453 1313 4506 nos
1332 4432 1543 4508 etmostranr
1567 4430 1764 4512 ecelesiam
1785 4435 1967 4526 facieba,
1990 4459 2081 4508 nuo-

303 4603 306 4611 ,
392 4549 495 4627 qaam
509 4527 688 4629 potuimus
704 4533 776 4642 stab
790 4531 912 4630 sigillo
934 4532 1108 4642 ejusdem
1126 4529 1255 4610 doiniul
1278 4530 1390 4612 dues
1407 4533 1561 4630 hebere,
1588 4539 1677 4615 licet
1699 4531 2081 4646 abipspseplusric·

431 4786 475 4864 .l).
496 4769 615 4882 nissen·
629 4805 695 4882 wop·
717 4765 768 4852 ein
783 4785 1025 4872 Dominiceoer,
1047 4764 1165 4877 melche
1187 4813 1219 4853 es
1241 4785 1422 4882 iiberhaupl
1443 4771 1498 4854 mil
1523 4788 1596 4880 dem
1610 4761 1905 4872 Bisciririe'iiieilen,
1928 4786 2080 4858 wiilrrend

408 4879 414 4888 ·
497 4865 548 4931 die
571 4867 743 4932 Mmorrten
766 4871 883 4936 diesem
904 4867 964 4936 wie
986 4867 1048 4937 den
1070 4867 1318 4940 Dominicanerm
1340 4873 1666 4967 gugenllberrlaoden.
1697 4875 1833 4942 Ptolem.
1849 4871 2079 4943 *Lucensslrist

395 4972 454 5002 w·
498 4943 952 5030 socialibxxlllssoffi
1014 5024 1018 5034 -
1077 4997 1083 5010 ·
