<?xml version="1.0" encoding="UTF-8"?>
<!DOCTYPE html PUBLIC "-//W3C//DTD XHTML 1.0 Transitional//EN"
    "http://www.w3.org/TR/xhtml1/DTD/xhtml1-transitional.dtd">
<html xmlns="http://www.w3.org/1999/xhtml" xml:lang="en" lang="en">
 <head>
  <title>
</title>
<meta http-equiv="Content-Type" content="text/html;charset=utf-8" />
  <meta name='ocr-system' content='tesseract 3.04.00' />
  <meta name='ocr-capabilities' content='ocr_page ocr_carea ocr_par ocr_line ocrx_word'/>
</head>
<body>
  <div class='ocr_page' id='page_1' title='image "./urkundenzurgesc00stengoog_0433.png"; bbox 0 0 4594 5774; ppageno 0'>
   <div class='ocr_carea' id='block_1_1' title="bbox 419 471 1556 604">
    <p class='ocr_par' dir='ltr' id='par_1_1' title="bbox 419 471 1556 604">
     <span class='ocr_line' id='line_1_1' title="bbox 419 471 1556 604; baseline -0.007 0"><span class='ocrx_word' id='word_1_1' title='bbox 419 527 499 604; x_wconf 81' lang='lat' dir='ltr'><strong>auo</strong></span> <span class='ocrx_word' id='word_1_2' title='bbox 547 471 551 480; x_wconf 38' lang='lat'><strong><em>¹</em></strong></span> <span class='ocrx_word' id='word_1_3' title='bbox 983 523 1192 600; x_wconf 63' lang='lat' dir='ltr'><strong>mem</strong></span> <span class='ocrx_word' id='word_1_4' title='bbox 1251 523 1556 598; x_wconf 69' lang='lat' dir='ltr'><strong>ocnxxxrn.</strong></span> 
     </span>
    </p>
   </div>
   <div class='ocr_carea' id='block_1_2' title="bbox 262 723 2119 5062">
    <p class='ocr_par' dir='ltr' id='par_1_2' title="bbox 262 723 2119 5062">
     <span class='ocr_line' id='line_1_2' title="bbox 423 723 2117 830; baseline -0.002 -20"><span class='ocrx_word' id='word_1_5' title='bbox 423 732 596 810; x_wconf 82' lang='lat' dir='ltr'><strong>scturiunr</strong></span> <span class='ocrx_word' id='word_1_6' title='bbox 622 751 818 808; x_wconf 79' lang='lat' dir='ltr'><strong>excessura</strong></span> <span class='ocrx_word' id='word_1_7' title='bbox 843 744 947 830; x_wconf 86' lang='lat' dir='ltr'><strong>quarn</strong></span> <span class='ocrx_word' id='word_1_8' title='bbox 964 723 1186 828; x_wconf 74' lang='lat' dir='ltr'><strong>divulgatam</strong></span> <span class='ocrx_word' id='word_1_9' title='bbox 1208 729 1506 828; x_wconf 83' lang='lat' dir='ltr'><strong>persecucioneur</strong></span> <span class='ocrx_word' id='word_1_10' title='bbox 1527 727 1696 830; x_wconf 87' lang='lat' dir='ltr'><strong>ipsorurn,</strong></span> <span class='ocrx_word' id='word_1_11' title='bbox 1723 742 1826 828; x_wconf 64' lang='grc' dir='ltr'><strong><em>Μ</em></strong></span> <span class='ocrx_word' id='word_1_12' title='bbox 1843 739 1883 806; x_wconf 84' lang='lat' dir='ltr'><strong>et</strong></span> <span class='ocrx_word' id='word_1_13' title='bbox 1899 750 2004 829; x_wconf 74' lang='lat' dir='ltr'><strong>quan</strong></span> <span class='ocrx_word' id='word_1_14' title='bbox 2017 725 2117 806; x_wconf 78' lang='lat' dir='ltr'><strong>tle·</strong></span> 
     </span>
     <span class='ocr_line' id='line_1_3' title="bbox 426 829 2118 934; baseline -0.002 -22"><span class='ocrx_word' id='word_1_15' title='bbox 426 892 436 913; x_wconf 89' lang='lat'><strong>.</strong></span> <span class='ocrx_word' id='word_1_16' title='bbox 464 891 473 911; x_wconf 94' lang='lat'><strong><em>.</em></strong></span> <span class='ocrx_word' id='word_1_17' title='bbox 497 834 681 910; x_wconf 83' lang='lat' dir='ltr'><strong>drrx‘curn</strong></span> <span class='ocrx_word' id='word_1_18' title='bbox 706 831 805 908; x_wconf 88' lang='lat' dir='ltr'><strong>dioto</strong></span> <span class='ocrx_word' id='word_1_19' title='bbox 830 855 897 906; x_wconf 86' lang='lat' dir='ltr'><strong>suo</strong></span> <span class='ocrx_word' id='word_1_20' title='bbox 925 831 1090 908; x_wconf 78' lang='lat' dir='ltr'><strong>exerciur</strong></span> <span class='ocrx_word' id='word_1_21' title='bbox 1116 829 1178 908; x_wconf 92' lang='lat' dir='ltr'><strong>dei</strong></span> <span class='ocrx_word' id='word_1_22' title='bbox 1203 832 1327 909; x_wconf 88' lang='lat' dir='ltr'><strong>timore</strong></span> <span class='ocrx_word' id='word_1_23' title='bbox 1353 833 1555 934; x_wconf 91' lang='lat' dir='ltr'><strong>postposito</strong></span> <span class='ocrx_word' id='word_1_24' title='bbox 1579 835 1812 933; x_wconf 67' lang='lat' dir='ltr'><strong>presumebat</strong></span> <span class='ocrx_word' id='word_1_25' title='bbox 1836 843 1875 908; x_wconf 86' lang='lat' dir='ltr'><strong>ct</strong></span> <span class='ocrx_word' id='word_1_26' title='bbox 1899 832 2118 934; x_wconf 79' lang='lat' dir='ltr'><strong>presumpsit</strong></span> 
     </span>
     <span class='ocr_line' id='line_1_4' title="bbox 423 932 2115 1036; baseline -0.005 -18"><span class='ocrx_word' id='word_1_27' title='bbox 423 939 655 1028; x_wconf 82' lang='lat' dir='ltr'><strong>committere,</strong></span> <span class='ocrx_word' id='word_1_28' title='bbox 681 936 858 1012; x_wconf 82' lang='lat' dir='ltr'><strong>violenter</strong></span> <span class='ocrx_word' id='word_1_29' title='bbox 882 957 929 1010; x_wconf 88' lang='lat' dir='ltr'><strong>ca</strong></span> <span class='ocrx_word' id='word_1_30' title='bbox 954 932 1062 1010; x_wconf 87' lang='lat' dir='ltr'><strong>iendo</strong></span> <span class='ocrx_word' id='word_1_31' title='bbox 1079 933 1212 1012; x_wconf 87' lang='lat' dir='ltr'><strong>dictum</strong></span> <span class='ocrx_word' id='word_1_32' title='bbox 1238 934 1380 1036; x_wconf 82' lang='lat' dir='ltr'><strong>opidum</strong></span> <span class='ocrx_word' id='word_1_33' title='bbox 1404 959 1450 1011; x_wconf 90' lang='lat' dir='ltr'><strong>ac</strong></span> <span class='ocrx_word' id='word_1_34' title='bbox 1478 989 1487 1008; x_wconf 90' lang='lat'><strong>.</strong></span> <span class='ocrx_word' id='word_1_35' title='bbox 1514 990 1524 1009; x_wconf 91' lang='lat'><strong>.</strong></span> <span class='ocrx_word' id='word_1_36' title='bbox 1548 937 1747 1012; x_wconf 87' lang='lat' dir='ltr'><strong>canonicos</strong></span> <span class='ocrx_word' id='word_1_37' title='bbox 1774 958 1899 1012; x_wconf 85' lang='lat' dir='ltr'><strong>omnes</strong></span> <span class='ocrx_word' id='word_1_38' title='bbox 1925 947 1963 1014; x_wconf 89' lang='lat' dir='ltr'><strong>et</strong></span> <span class='ocrx_word' id='word_1_39' title='bbox 1989 935 2115 1034; x_wconf 62' lang='lat' dir='ltr'><strong>singre</strong></span> 
     </span>
     <span class='ocr_line' id='line_1_5' title="bbox 424 961 2116 1140; baseline -0.002 -20"><span class='ocrx_word' id='word_1_40' title='bbox 424 1043 482 1120; x_wconf 84' lang='lat' dir='ltr'><strong>los</strong></span> <span class='ocrx_word' id='word_1_41' title='bbox 509 1041 685 1116; x_wconf 75' lang='lat' dir='ltr'><strong>hostiliter</strong></span> <span class='ocrx_word' id='word_1_42' title='bbox 716 961 970 1140; x_wconf 83' lang='lat' dir='ltr'><strong>persequendo</strong></span> <span class='ocrx_word' id='word_1_43' title='bbox 994 1038 1093 1113; x_wconf 87' lang='lat' dir='ltr'><strong>nulla</strong></span> <span class='ocrx_word' id='word_1_44' title='bbox 1120 1061 1235 1114; x_wconf 82' lang='lat' dir='ltr'><strong>cansa</strong></span> <span class='ocrx_word' id='word_1_45' title='bbox 1268 1039 1477 1114; x_wconf 85' lang='lat' dir='ltr'><strong>racionabili</strong></span> <span class='ocrx_word' id='word_1_46' title='bbox 1503 1033 1746 1140; x_wconf 86' lang='lat' dir='ltr'><strong>precedente,</strong></span> <span class='ocrx_word' id='word_1_47' title='bbox 1778 1049 1908 1139; x_wconf 86' lang='lat' dir='ltr'><strong>posset</strong></span> <span class='ocrx_word' id='word_1_48' title='bbox 1931 1062 2000 1140; x_wconf 87' lang='lat' dir='ltr'><strong>per</strong></span> <span class='ocrx_word' id='word_1_49' title='bbox 2026 1061 2116 1117; x_wconf 87' lang='lat' dir='ltr'><strong>cen·</strong></span> 
     </span>
     <span class='ocr_line' id='line_1_6' title="bbox 427 1139 2115 1242; baseline -0.004 -20"><span class='ocrx_word' id='word_1_50' title='bbox 427 1165 544 1222; x_wconf 81' lang='lat' dir='ltr'><strong>suram</strong></span> <span class='ocrx_word' id='word_1_51' title='bbox 576 1140 868 1222; x_wconf 86' lang='lat' dir='ltr'><strong>ecclesiasticam</strong></span> <span class='ocrx_word' id='word_1_52' title='bbox 901 1139 1187 1218; x_wconf 81' lang='lat' dir='ltr'><strong>animadvertere</strong></span> <span class='ocrx_word' id='word_1_53' title='bbox 1212 1143 1247 1216; x_wconf 92' lang='lat' dir='ltr'><strong>iu</strong></span> <span class='ocrx_word' id='word_1_54' title='bbox 1276 1140 1427 1218; x_wconf 90' lang='lat' dir='ltr'><strong>eundem</strong></span> <span class='ocrx_word' id='word_1_55' title='bbox 1454 1140 1582 1218; x_wconf 89' lang='lat' dir='ltr'><strong>ducem</strong></span> <span class='ocrx_word' id='word_1_56' title='bbox 1614 1153 1652 1218; x_wconf 90' lang='lat' dir='ltr'><strong>et</strong></span> <span class='ocrx_word' id='word_1_57' title='bbox 1677 1165 1776 1216; x_wconf 86' lang='lat' dir='ltr'><strong>suum</strong></span> <span class='ocrx_word' id='word_1_58' title='bbox 1804 1143 2023 1233; x_wconf 86' lang='lat' dir='ltr'><strong>exercitum,</strong></span> <span class='ocrx_word' id='word_1_59' title='bbox 2056 1143 2115 1242; x_wconf 74' lang='grc' dir='ltr'><strong>(μ’</strong></span> 
     </span>
     <span class='ocr_line' id='line_1_7' title="bbox 424 1241 2115 1346; baseline -0.004 -19"><span class='ocrx_word' id='word_1_60' title='bbox 424 1263 464 1327; x_wconf 81' lang='lat' dir='ltr'><strong>et</strong></span> <span class='ocrx_word' id='word_1_61' title='bbox 488 1249 614 1346; x_wconf 80' lang='lat' dir='ltr'><strong>vigore</strong></span> <span class='ocrx_word' id='word_1_62' title='bbox 641 1247 935 1323; x_wconf 72' lang='lat' dir='ltr'><strong>constitutionum</strong></span> <span class='ocrx_word' id='word_1_63' title='bbox 962 1245 1239 1345; x_wconf 88' lang='lat' dir='ltr'><strong>apostolicarum</strong></span> <span class='ocrx_word' id='word_1_64' title='bbox 1274 1257 1356 1319; x_wconf 87' lang='lat' dir='ltr'><strong>sunt</strong></span> <span class='ocrx_word' id='word_1_65' title='bbox 1388 1247 1469 1346; x_wconf 90' lang='lat' dir='ltr'><strong>ipso</strong></span> <span class='ocrx_word' id='word_1_66' title='bbox 1502 1241 1602 1324; x_wconf 84' lang='lat' dir='ltr'><strong>lacto</strong></span> <span class='ocrx_word' id='word_1_67' title='bbox 1635 1245 1932 1322; x_wconf 82' lang='lat' dir='ltr'><strong>excommunicati</strong></span> <span class='ocrx_word' id='word_1_68' title='bbox 1965 1269 2115 1322; x_wconf 84' lang='lat' dir='ltr'><strong>excom·</strong></span> 
     </span>
     <span class='ocr_line' id='line_1_8' title="bbox 425 1343 2115 1448; baseline -0.002 -20"><span class='ocrx_word' id='word_1_69' title='bbox 425 1350 671 1428; x_wconf 85' lang='lat' dir='ltr'><strong>municacione</strong></span> <span class='ocrx_word' id='word_1_70' title='bbox 697 1350 823 1448; x_wconf 85' lang='lat' dir='ltr'><strong>majori</strong></span> <span class='ocrx_word' id='word_1_71' title='bbox 850 1361 888 1424; x_wconf 91' lang='lat' dir='ltr'><strong>et</strong></span> <span class='ocrx_word' id='word_1_72' title='bbox 913 1349 1029 1436; x_wconf 87' lang='lat' dir='ltr'><strong>eciam</strong></span> <span class='ocrx_word' id='word_1_73' title='bbox 1054 1359 1152 1424; x_wconf 83' lang='lat' dir='ltr'><strong>terra</strong></span> <span class='ocrx_word' id='word_1_74' title='bbox 1178 1373 1247 1424; x_wconf 89' lang='lat' dir='ltr'><strong>sua</strong></span> <span class='ocrx_word' id='word_1_75' title='bbox 1273 1343 1532 1426; x_wconf 80' lang='lat' dir='ltr'><strong>ecclesiastico</strong></span> <span class='ocrx_word' id='word_1_76' title='bbox 1564 1343 1755 1426; x_wconf 88' lang='lat' dir='ltr'><strong>interdicto</strong></span> <span class='ocrx_word' id='word_1_77' title='bbox 1781 1349 1829 1422; x_wconf 93' lang='lat' dir='ltr'><strong>sit</strong></span> <span class='ocrx_word' id='word_1_78' title='bbox 1854 1349 2045 1448; x_wconf 84' lang='lat' dir='ltr'><strong>supposita</strong></span> <span class='ocrx_word' id='word_1_79' title='bbox 2069 1369 2115 1424; x_wconf 79' lang='lat' dir='ltr'><strong>ea</strong></span> 
     </span>
     <span class='ocr_line' id='line_1_9' title="bbox 423 1449 2113 1556; baseline 0.001 -28"><span class='ocrx_word' id='word_1_80' title='bbox 423 1456 523 1556; x_wconf 85' lang='lat' dir='ltr'><strong>ipso,</strong></span> <span class='ocrx_word' id='word_1_81' title='bbox 557 1454 590 1528; x_wconf 91' lang='lat' dir='ltr'><strong>si</strong></span> <span class='ocrx_word' id='word_1_82' title='bbox 622 1454 737 1556; x_wconf 90' lang='lat' dir='ltr'><strong>ipsum</strong></span> <span class='ocrx_word' id='word_1_83' title='bbox 773 1449 914 1553; x_wconf 91' lang='lat' dir='ltr'><strong>opidum</strong></span> <span class='ocrx_word' id='word_1_84' title='bbox 946 1476 1015 1528; x_wconf 92' lang='lat' dir='ltr'><strong>non</strong></span> <span class='ocrx_word' id='word_1_85' title='bbox 1048 1451 1245 1527; x_wconf 90' lang='lat' dir='ltr'><strong>restituerit</strong></span> <span class='ocrx_word' id='word_1_86' title='bbox 1274 1452 1369 1526; x_wconf 88' lang='lat' dir='ltr'><strong>insra</strong></span> <span class='ocrx_word' id='word_1_87' title='bbox 1403 1475 1579 1544; x_wconf 86' lang='lat' dir='ltr'><strong>mensem,</strong></span> <span class='ocrx_word' id='word_1_88' title='bbox 1608 1463 1646 1528; x_wconf 91' lang='lat' dir='ltr'><strong>et</strong></span> <span class='ocrx_word' id='word_1_89' title='bbox 1671 1476 1717 1527; x_wconf 89' lang='lat' dir='ltr'><strong>ne</strong></span> <span class='ocrx_word' id='word_1_90' title='bbox 1742 1451 1871 1527; x_wconf 88' lang='lat' dir='ltr'><strong>saltem</strong></span> <span class='ocrx_word' id='word_1_91' title='bbox 1899 1450 2040 1528; x_wconf 88' lang='lat' dir='ltr'><strong>dicatur</strong></span> <span class='ocrx_word' id='word_1_92' title='bbox 2060 1449 2113 1530; x_wconf 79' lang='lat' dir='ltr'><strong>de</strong></span> 
     </span>
     <span class='ocr_line' id='line_1_10' title="bbox 424 1553 2114 1656; baseline -0.003 -22"><span class='ocrx_word' id='word_1_93' title='bbox 424 1557 536 1647; x_wconf 81' lang='lat' dir='ltr'><strong>lacto,</strong></span> <span class='ocrx_word' id='word_1_94' title='bbox 563 1557 725 1656; x_wconf 77' lang='lat' dir='ltr'><strong>quamvis</strong></span> <span class='ocrx_word' id='word_1_95' title='bbox 752 1554 906 1655; x_wconf 88' lang='lat' dir='ltr'><strong>dejure</strong></span> <span class='ocrx_word' id='word_1_96' title='bbox 933 1579 1000 1630; x_wconf 94' lang='lat' dir='ltr'><strong>non</strong></span> <span class='ocrx_word' id='word_1_97' title='bbox 1026 1568 1173 1655; x_wconf 87' lang='lat' dir='ltr'><strong>posset,</strong></span> <span class='ocrx_word' id='word_1_98' title='bbox 1204 1555 1307 1655; x_wconf 85' lang='lat' dir='ltr'><strong>ipsos</strong></span> <span class='ocrx_word' id='word_1_99' title='bbox 1335 1609 1344 1626; x_wconf 93' lang='lat'><strong>.</strong></span> <span class='ocrx_word' id='word_1_100' title='bbox 1373 1611 1382 1628; x_wconf 93' lang='lat'><strong><em>.</em></strong></span> <span class='ocrx_word' id='word_1_101' title='bbox 1410 1557 1607 1630; x_wconf 90' lang='lat' dir='ltr'><strong>canonicos</strong></span> <span class='ocrx_word' id='word_1_102' title='bbox 1633 1555 1762 1630; x_wconf 89' lang='lat' dir='ltr'><strong>vicium</strong></span> <span class='ocrx_word' id='word_1_103' title='bbox 1788 1565 1996 1632; x_wconf 81' lang='lat' dir='ltr'><strong>contractus</strong></span> <span class='ocrx_word' id='word_1_104' title='bbox 2022 1553 2114 1630; x_wconf 87' lang='lat' dir='ltr'><strong>alie·</strong></span> 
     </span>
     <span class='ocr_line' id='line_1_11' title="bbox 423 1657 2114 1761; baseline -0.003 -25"><span class='ocrx_word' id='word_1_105' title='bbox 423 1660 588 1738; x_wconf 89' lang='lat' dir='ltr'><strong>nacionis</strong></span> <span class='ocrx_word' id='word_1_106' title='bbox 621 1670 767 1761; x_wconf 87' lang='lat' dir='ltr'><strong>propter</strong></span> <span class='ocrx_word' id='word_1_107' title='bbox 797 1659 867 1735; x_wconf 89' lang='lat' dir='ltr'><strong>boc</strong></span> <span class='ocrx_word' id='word_1_108' title='bbox 903 1658 1099 1736; x_wconf 77' lang='lat' dir='ltr'><strong>incurrisse</strong></span> <span class='ocrx_word' id='word_1_109' title='bbox 1134 1670 1171 1733; x_wconf 92' lang='lat' dir='ltr'><strong>et</strong></span> <span class='ocrx_word' id='word_1_110' title='bbox 1206 1669 1365 1734; x_wconf 90' lang='lat' dir='ltr'><strong>metuere</strong></span> <span class='ocrx_word' id='word_1_111' title='bbox 1397 1682 1513 1759; x_wconf 82' lang='lat' dir='ltr'><strong>penas</strong></span> <span class='ocrx_word' id='word_1_112' title='bbox 1527 1658 1694 1734; x_wconf 76' lang='lat' dir='ltr'><strong>inflictas</strong></span> <span class='ocrx_word' id='word_1_113' title='bbox 1721 1683 1745 1732; x_wconf 91' lang='lat' dir='ltr'><strong>a</strong></span> <span class='ocrx_word' id='word_1_114' title='bbox 1774 1662 1849 1734; x_wconf 85' lang='lat' dir='ltr'><strong>&#39;ure</strong></span> <span class='ocrx_word' id='word_1_115' title='bbox 1876 1657 2114 1734; x_wconf 86' lang='lat' dir='ltr'><strong>alienantibus</strong></span> 
     </span>
     <span class='ocr_line' id='line_1_12' title="bbox 423 1684 2114 1862; baseline -0.003 -23"><span class='ocrx_word' id='word_1_116' title='bbox 423 1765 519 1839; x_wconf 92' lang='lat' dir='ltr'><strong>bona</strong></span> <span class='ocrx_word' id='word_1_117' title='bbox 550 1763 812 1839; x_wconf 83' lang='lat' dir='ltr'><strong>ecclesiastica</strong></span> <span class='ocrx_word' id='word_1_118' title='bbox 843 1773 1034 1862; x_wconf 86' lang='lat' dir='ltr'><strong>opportere</strong></span> <span class='ocrx_word' id='word_1_119' title='bbox 1082 1771 1230 1861; x_wconf 91' lang='lat' dir='ltr'><strong>propter</strong></span> <span class='ocrx_word' id='word_1_120' title='bbox 1263 1762 1474 1862; x_wconf 88' lang='lat' dir='ltr'><strong>capcionem</strong></span> <span class='ocrx_word' id='word_1_121' title='bbox 1512 1758 1609 1861; x_wconf 90' lang='lat' dir='ltr'><strong>opidi</strong></span> <span class='ocrx_word' id='word_1_122' title='bbox 1644 1684 1860 1862; x_wconf 87' lang='lat' dir='ltr'><strong>supradicti,</strong></span> <span class='ocrx_word' id='word_1_123' title='bbox 1896 1770 2114 1861; x_wconf 87' lang='lat' dir='ltr'><strong>protestatur</strong></span> 
     </span>
     <span class='ocr_line' id='line_1_13' title="bbox 420 1861 2115 1970; baseline -0.002 -28"><span class='ocrx_word' id='word_1_124' title='bbox 420 1877 635 1970; x_wconf 73' lang='lat' dir='ltr'><strong>procurator</strong></span> <span class='ocrx_word' id='word_1_125' title='bbox 667 1878 704 1941; x_wconf 91' lang='lat' dir='ltr'><strong>et</strong></span> <span class='ocrx_word' id='word_1_126' title='bbox 735 1863 898 1940; x_wconf 82' lang='lat' dir='ltr'><strong>sindicus</strong></span> <span class='ocrx_word' id='word_1_127' title='bbox 933 1888 1053 1940; x_wconf 91' lang='lat' dir='ltr'><strong>eornm</strong></span> <span class='ocrx_word' id='word_1_128' title='bbox 1085 1861 1272 1964; x_wconf 89' lang='lat' dir='ltr'><strong>predictus</strong></span> <span class='ocrx_word' id='word_1_129' title='bbox 1305 1865 1445 1939; x_wconf 86' lang='lat' dir='ltr'><strong>nornine</strong></span> <span class='ocrx_word' id='word_1_130' title='bbox 1476 1889 1547 1963; x_wconf 88' lang='lat' dir='ltr'><strong>quo</strong></span> <span class='ocrx_word' id='word_1_131' title='bbox 1579 1887 1707 1966; x_wconf 88' lang='lat' dir='ltr'><strong>supra,</strong></span> <span class='ocrx_word' id='word_1_132' title='bbox 1744 1863 1827 1964; x_wconf 86' lang='lat' dir='ltr'><strong>quia</strong></span> <span class='ocrx_word' id='word_1_133' title='bbox 1852 1889 1902 1939; x_wconf 84' lang='lat' dir='ltr'><strong>ex</strong></span> <span class='ocrx_word' id='word_1_134' title='bbox 1928 1887 1993 1954; x_wconf 88' lang='lat' dir='ltr'><strong>eo,</strong></span> <span class='ocrx_word' id='word_1_135' title='bbox 2020 1861 2115 1964; x_wconf 79' lang='lat' dir='ltr'><strong>qaod</strong></span> 
     </span>
     <span class='ocr_line' id='line_1_14' title="bbox 425 1964 2115 2068; baseline -0.003 -22"><span class='ocrx_word' id='word_1_136' title='bbox 425 1967 514 2048; x_wconf 89' lang='lat' dir='ltr'><strong>dicti</strong></span> <span class='ocrx_word' id='word_1_137' title='bbox 540 1969 611 2044; x_wconf 88' lang='lat' dir='ltr'><strong>duo</strong></span> <span class='ocrx_word' id='word_1_138' title='bbox 644 1969 808 2044; x_wconf 89' lang='lat' dir='ltr'><strong>canonici</strong></span> <span class='ocrx_word' id='word_1_139' title='bbox 842 1967 941 2046; x_wconf 92' lang='lat' dir='ltr'><strong>dicto</strong></span> <span class='ocrx_word' id='word_1_140' title='bbox 973 1966 1113 2043; x_wconf 88' lang='lat' dir='ltr'><strong>domino</strong></span> <span class='ocrx_word' id='word_1_141' title='bbox 1147 1965 1232 2042; x_wconf 91' lang='lat' dir='ltr'><strong>duci</strong></span> <span class='ocrx_word' id='word_1_142' title='bbox 1263 1979 1409 2068; x_wconf 88' lang='lat' dir='ltr'><strong>propter</strong></span> <span class='ocrx_word' id='word_1_143' title='bbox 1444 1979 1571 2044; x_wconf 89' lang='lat' dir='ltr'><strong>metum</strong></span> <span class='ocrx_word' id='word_1_144' title='bbox 1606 1979 1642 2041; x_wconf 89' lang='lat' dir='ltr'><strong>et</strong></span> <span class='ocrx_word' id='word_1_145' title='bbox 1675 1967 1876 2068; x_wconf 85' lang='lat' dir='ltr'><strong>potenciam</strong></span> <span class='ocrx_word' id='word_1_146' title='bbox 1908 1968 2025 2067; x_wconf 89' lang='lat' dir='ltr'><strong>ipsios</strong></span> <span class='ocrx_word' id='word_1_147' title='bbox 2056 1964 2115 2041; x_wconf 90' lang='lat' dir='ltr'><strong>di·</strong></span> 
     </span>
     <span class='ocr_line' id='line_1_15' title="bbox 426 2068 2114 2172; baseline -0.004 -18"><span class='ocrx_word' id='word_1_148' title='bbox 426 2085 519 2154; x_wconf 88' lang='lat' dir='ltr'><strong>ctum</strong></span> <span class='ocrx_word' id='word_1_149' title='bbox 552 2068 694 2172; x_wconf 91' lang='lat' dir='ltr'><strong>opidnnr</strong></span> <span class='ocrx_word' id='word_1_150' title='bbox 727 2069 775 2146; x_wconf 91' lang='lat' dir='ltr'><strong>de</strong></span> <span class='ocrx_word' id='word_1_151' title='bbox 809 2095 878 2145; x_wconf 86' lang='lat' dir='ltr'><strong>sna</strong></span> <span class='ocrx_word' id='word_1_152' title='bbox 909 2083 948 2146; x_wconf 90' lang='lat' dir='ltr'><strong>et</strong></span> <span class='ocrx_word' id='word_1_153' title='bbox 979 2071 1125 2146; x_wconf 89' lang='lat' dir='ltr'><strong>aliorum</strong></span> <span class='ocrx_word' id='word_1_154' title='bbox 1164 2093 1306 2145; x_wconf 89' lang='lat' dir='ltr'><strong>suorum</strong></span> <span class='ocrx_word' id='word_1_155' title='bbox 1340 2071 1658 2146; x_wconf 77' lang='lat' dir='ltr'><strong>concanonicorum</strong></span> <span class='ocrx_word' id='word_1_156' title='bbox 1684 2071 1837 2169; x_wconf 87' lang='lat' dir='ltr'><strong>justicia</strong></span> <span class='ocrx_word' id='word_1_157' title='bbox 1871 2069 1998 2146; x_wconf 85' lang='lat' dir='ltr'><strong>conlisi</strong></span> <span class='ocrx_word' id='word_1_158' title='bbox 2029 2093 2114 2172; x_wconf 83' lang='lat' dir='ltr'><strong>pre·</strong></span> 
     </span>
     <span class='ocr_line' id='line_1_16' title="bbox 426 2169 2114 2274; baseline -0.004 -22"><span class='ocrx_word' id='word_1_159' title='bbox 426 2187 678 2267; x_wconf 72' lang='lat' dir='ltr'><strong>cantaverunt,</strong></span> <span class='ocrx_word' id='word_1_160' title='bbox 714 2172 810 2274; x_wconf 92' lang='lat' dir='ltr'><strong>qnod</strong></span> <span class='ocrx_word' id='word_1_161' title='bbox 837 2197 904 2248; x_wconf 92' lang='lat' dir='ltr'><strong>non</strong></span> <span class='ocrx_word' id='word_1_162' title='bbox 932 2185 1085 2249; x_wconf 87' lang='lat' dir='ltr'><strong>estnec</strong></span> <span class='ocrx_word' id='word_1_163' title='bbox 1110 2171 1251 2248; x_wconf 84' lang='lat' dir='ltr'><strong>luitdc</strong></span> <span class='ocrx_word' id='word_1_164' title='bbox 1277 2186 1394 2248; x_wconf 87' lang='lat' dir='ltr'><strong>mente</strong></span> <span class='ocrx_word' id='word_1_165' title='bbox 1421 2174 1565 2248; x_wconf 88' lang='lat' dir='ltr'><strong>aliorum</strong></span> <span class='ocrx_word' id='word_1_166' title='bbox 1593 2174 1799 2249; x_wconf 89' lang='lat' dir='ltr'><strong>absencium</strong></span> <span class='ocrx_word' id='word_1_167' title='bbox 1826 2169 2041 2248; x_wconf 87' lang='lat' dir='ltr'><strong>dominorum</strong></span> <span class='ocrx_word' id='word_1_168' title='bbox 2067 2229 2077 2246; x_wconf 91' lang='lat'><strong>.</strong></span> <span class='ocrx_word' id='word_1_169' title='bbox 2106 2229 2114 2244; x_wconf 88' lang='lat'><strong>.</strong></span> 
     </span>
     <span class='ocr_line' id='line_1_17' title="bbox 423 2275 2114 2379; baseline -0.004 -24"><span class='ocrx_word' id='word_1_170' title='bbox 423 2280 676 2356; x_wconf 88' lang='lat' dir='ltr'><strong>canonicorum</strong></span> <span class='ocrx_word' id='word_1_171' title='bbox 707 2275 946 2379; x_wconf 88' lang='lat' dir='ltr'><strong>predictorum</strong></span> <span class='ocrx_word' id='word_1_172' title='bbox 979 2276 1184 2352; x_wconf 89' lang='lat' dir='ltr'><strong>consentire</strong></span> <span class='ocrx_word' id='word_1_173' title='bbox 1215 2299 1284 2353; x_wconf 89' lang='lat' dir='ltr'><strong>nec</strong></span> <span class='ocrx_word' id='word_1_174' title='bbox 1324 2277 1393 2378; x_wconf 92' lang='lat' dir='ltr'><strong>ipsi</strong></span> <span class='ocrx_word' id='word_1_175' title='bbox 1427 2277 1662 2354; x_wconf 87' lang='lat' dir='ltr'><strong>consenciunt</strong></span> <span class='ocrx_word' id='word_1_176' title='bbox 1692 2275 1753 2352; x_wconf 82' lang='lat' dir='ltr'><strong>uel</strong></span> <span class='ocrx_word' id='word_1_177' title='bbox 1786 2287 2049 2352; x_wconf 90' lang='lat' dir='ltr'><strong>consenserunt</strong></span> <span class='ocrx_word' id='word_1_178' title='bbox 2079 2276 2114 2349; x_wconf 91' lang='lat' dir='ltr'><strong>in</strong></span> 
     </span>
     <span class='ocr_line' id='line_1_18' title="bbox 426 2377 2114 2482; baseline -0.002 -25"><span class='ocrx_word' id='word_1_179' title='bbox 426 2382 704 2473; x_wconf 86' lang='lat' dir='ltr'><strong>alienaciouem,</strong></span> <span class='ocrx_word' id='word_1_180' title='bbox 735 2379 1006 2454; x_wconf 86' lang='lat' dir='ltr'><strong>submissionem</strong></span> <span class='ocrx_word' id='word_1_181' title='bbox 1033 2404 1099 2455; x_wconf 90' lang='lat' dir='ltr'><strong>sen</strong></span> <span class='ocrx_word' id='word_1_182' title='bbox 1126 2379 1397 2478; x_wconf 86' lang='lat' dir='ltr'><strong>subjeccionem</strong></span> <span class='ocrx_word' id='word_1_183' title='bbox 1424 2381 1577 2479; x_wconf 87' lang='lat' dir='ltr'><strong>aliquam</strong></span> <span class='ocrx_word' id='word_1_184' title='bbox 1603 2378 1699 2482; x_wconf 93' lang='lat' dir='ltr'><strong>opidi</strong></span> <span class='ocrx_word' id='word_1_185' title='bbox 1726 2377 1924 2481; x_wconf 89' lang='lat' dir='ltr'><strong>supradicti</strong></span> <span class='ocrx_word' id='word_1_186' title='bbox 1951 2403 2018 2454; x_wconf 88' lang='lat' dir='ltr'><strong>seu</strong></span> <span class='ocrx_word' id='word_1_187' title='bbox 2045 2379 2114 2454; x_wconf 84' lang='lat' dir='ltr'><strong>ali·</strong></span> 
     </span>
     <span class='ocr_line' id='line_1_19' title="bbox 427 2480 2116 2584; baseline -0.003 -22"><span class='ocrx_word' id='word_1_188' title='bbox 427 2489 533 2583; x_wconf 81' lang='lat' dir='ltr'><strong>cujus</strong></span> <span class='ocrx_word' id='word_1_189' title='bbox 561 2483 684 2576; x_wconf 85' lang='lat' dir='ltr'><strong>castri,</strong></span> <span class='ocrx_word' id='word_1_190' title='bbox 710 2484 810 2574; x_wconf 84' lang='lat' dir='ltr'><strong>ville,</strong></span> <span class='ocrx_word' id='word_1_191' title='bbox 838 2507 972 2558; x_wconf 88' lang='lat' dir='ltr'><strong>census</strong></span> <span class='ocrx_word' id='word_1_192' title='bbox 999 2504 1065 2558; x_wconf 88' lang='lat' dir='ltr'><strong>seu</strong></span> <span class='ocrx_word' id='word_1_193' title='bbox 1090 2480 1312 2575; x_wconf 77' lang='lat' dir='ltr'><strong>allodiorum,</strong></span> <span class='ocrx_word' id='word_1_194' title='bbox 1338 2484 1624 2584; x_wconf 89' lang='lat' dir='ltr'><strong>possessionum,</strong></span> <span class='ocrx_word' id='word_1_195' title='bbox 1652 2482 1701 2558; x_wconf 92' lang='lat' dir='ltr'><strong>ad</strong></span> <span class='ocrx_word' id='word_1_196' title='bbox 1725 2483 1829 2583; x_wconf 90' lang='lat' dir='ltr'><strong>ipsos</strong></span> <span class='ocrx_word' id='word_1_197' title='bbox 1852 2484 1991 2559; x_wconf 89' lang='lat' dir='ltr'><strong>nomine</strong></span> <span class='ocrx_word' id='word_1_198' title='bbox 2018 2481 2116 2558; x_wconf 86' lang='lat' dir='ltr'><strong>dicte</strong></span> 
     </span>
     <span class='ocr_line' id='line_1_20' title="bbox 425 2584 2115 2687; baseline -0.002 -24"><span class='ocrx_word' id='word_1_199' title='bbox 425 2588 592 2664; x_wconf 86' lang='lat' dir='ltr'><strong>ecclesie</strong></span> <span class='ocrx_word' id='word_1_200' title='bbox 609 2586 746 2660; x_wconf 88' lang='lat' dir='ltr'><strong>Wrat.</strong></span> <span class='ocrx_word' id='word_1_201' title='bbox 773 2585 983 2685; x_wconf 87' lang='lat' dir='ltr'><strong>pertinentis</strong></span> <span class='ocrx_word' id='word_1_202' title='bbox 1002 2596 1039 2660; x_wconf 91' lang='lat' dir='ltr'><strong>et</strong></span> <span class='ocrx_word' id='word_1_203' title='bbox 1056 2585 1310 2686; x_wconf 86' lang='lat' dir='ltr'><strong>pertinencium</strong></span> <span class='ocrx_word' id='word_1_204' title='bbox 1329 2611 1395 2662; x_wconf 87' lang='lat' dir='ltr'><strong>sen</strong></span> <span class='ocrx_word' id='word_1_205' title='bbox 1414 2587 1571 2686; x_wconf 89' lang='lat' dir='ltr'><strong>alicujus</strong></span> <span class='ocrx_word' id='word_1_206' title='bbox 1588 2584 1697 2687; x_wconf 90' lang='lat' dir='ltr'><strong>opidi,</strong></span> <span class='ocrx_word' id='word_1_207' title='bbox 1725 2587 1848 2678; x_wconf 86' lang='lat' dir='ltr'><strong>castri,</strong></span> <span class='ocrx_word' id='word_1_208' title='bbox 1877 2589 1990 2686; x_wconf 78' lang='lat' dir='ltr'><strong>burgi,</strong></span> <span class='ocrx_word' id='word_1_209' title='bbox 2017 2585 2115 2676; x_wconf 83' lang='lat' dir='ltr'><strong>ville,</strong></span> 
     </span>
     <span class='ocr_line' id='line_1_21' title="bbox 426 2688 2115 2791; baseline 0 -27"><span class='ocrx_word' id='word_1_210' title='bbox 426 2690 720 2791; x_wconf 87' lang='lat' dir='ltr'><strong>possessionum,</strong></span> <span class='ocrx_word' id='word_1_211' title='bbox 756 2711 925 2764; x_wconf 87' lang='lat' dir='ltr'><strong>censuum</strong></span> <span class='ocrx_word' id='word_1_212' title='bbox 958 2713 1024 2764; x_wconf 91' lang='lat' dir='ltr'><strong>seu</strong></span> <span class='ocrx_word' id='word_1_213' title='bbox 1052 2689 1284 2787; x_wconf 86' lang='lat' dir='ltr'><strong>qnanrrrrlibet</strong></span> <span class='ocrx_word' id='word_1_214' title='bbox 1316 2689 1463 2764; x_wconf 87' lang='lat' dir='ltr'><strong>alierum</strong></span> <span class='ocrx_word' id='word_1_215' title='bbox 1488 2715 1604 2765; x_wconf 88' lang='lat' dir='ltr'><strong>rernm</strong></span> <span class='ocrx_word' id='word_1_216' title='bbox 1631 2688 1680 2764; x_wconf 91' lang='lat' dir='ltr'><strong>ad</strong></span> <span class='ocrx_word' id='word_1_217' title='bbox 1706 2701 1833 2765; x_wconf 86' lang='lat' dir='ltr'><strong>terram</strong></span> <span class='ocrx_word' id='word_1_218' title='bbox 1860 2689 2115 2790; x_wconf 80' lang='lat' dir='ltr'><strong>Nysensen</strong></span> 
     </span>
     <span class='ocr_line' id='line_1_22' title="bbox 426 2789 2115 2896; baseline 0 -28"><span class='ocrx_word' id='word_1_219' title='bbox 426 2791 700 2892; x_wconf 84' lang='lat' dir='ltr'><strong>pertinencium,</strong></span> <span class='ocrx_word' id='word_1_220' title='bbox 727 2815 796 2890; x_wconf 88' lang='lat' dir='ltr'><strong>que</strong></span> <span class='ocrx_word' id='word_1_221' title='bbox 823 2789 921 2868; x_wconf 89' lang='lat' dir='ltr'><strong>dicte</strong></span> <span class='ocrx_word' id='word_1_222' title='bbox 948 2791 1111 2869; x_wconf 82' lang='lat' dir='ltr'><strong>ecclesie</strong></span> <span class='ocrx_word' id='word_1_223' title='bbox 1138 2805 1198 2868; x_wconf 90' lang='lat' dir='ltr'><strong>est</strong></span> <span class='ocrx_word' id='word_1_224' title='bbox 1222 2793 1462 2896; x_wconf 75' lang='lat' dir='ltr'><strong>patrimonium</strong></span> <span class='ocrx_word' id='word_1_225' title='bbox 1476 2793 1673 2894; x_wconf 82' lang='lat' dir='ltr'><strong>speciale,</strong></span> <span class='ocrx_word' id='word_1_226' title='bbox 1703 2793 1879 2868; x_wconf 83' lang='lat' dir='ltr'><strong>serraliis</strong></span> <span class='ocrx_word' id='word_1_227' title='bbox 1907 2795 2009 2868; x_wconf 92' lang='lat' dir='ltr'><strong>bonis</strong></span> <span class='ocrx_word' id='word_1_228' title='bbox 2035 2793 2115 2868; x_wconf 78' lang='lat' dir='ltr'><strong>sive</strong></span> 
     </span>
     <span class='ocr_line' id='line_1_23' title="bbox 426 2892 2116 2994; baseline 0.001 -23"><span class='ocrx_word' id='word_1_229' title='bbox 426 2897 537 2971; x_wconf 90' lang='lat' dir='ltr'><strong>rebus</strong></span> <span class='ocrx_word' id='word_1_230' title='bbox 563 2892 661 2972; x_wconf 90' lang='lat' dir='ltr'><strong>dicte</strong></span> <span class='ocrx_word' id='word_1_231' title='bbox 687 2895 850 2970; x_wconf 88' lang='lat' dir='ltr'><strong>ecclesie</strong></span> <span class='ocrx_word' id='word_1_232' title='bbox 877 2917 942 2994; x_wconf 87' lang='lat' dir='ltr'><strong>per</strong></span> <span class='ocrx_word' id='word_1_233' title='bbox 967 2905 1076 2970; x_wconf 86' lang='lat' dir='ltr'><strong>totam</strong></span> <span class='ocrx_word' id='word_1_234' title='bbox 1101 2894 1264 2972; x_wconf 82' lang='lat' dir='ltr'><strong>diocesin</strong></span> <span class='ocrx_word' id='word_1_235' title='bbox 1291 2895 1425 2969; x_wconf 89' lang='lat' dir='ltr'><strong>Wrat.</strong></span> <span class='ocrx_word' id='word_1_236' title='bbox 1454 2897 1753 2987; x_wconf 84' lang='lat' dir='ltr'><strong>corraistentibus,</strong></span> <span class='ocrx_word' id='word_1_237' title='bbox 1785 2897 1939 2972; x_wconf 85' lang='lat' dir='ltr'><strong>maxime</strong></span> <span class='ocrx_word' id='word_1_238' title='bbox 1965 2895 2116 2972; x_wconf 83' lang='lat' dir='ltr'><strong>durante</strong></span> 
     </span>
     <span class='ocr_line' id='line_1_24' title="bbox 426 2993 2117 3101; baseline 0 -27"><span class='ocrx_word' id='word_1_239' title='bbox 426 2999 636 3074; x_wconf 86' lang='lat' dir='ltr'><strong>torbacione</strong></span> <span class='ocrx_word' id='word_1_240' title='bbox 666 3009 738 3073; x_wconf 88' lang='lat' dir='ltr'><strong>tarn</strong></span> <span class='ocrx_word' id='word_1_241' title='bbox 770 2993 895 3074; x_wconf 78' lang='lat' dir='ltr'><strong>ualida</strong></span> <span class='ocrx_word' id='word_1_242' title='bbox 927 3009 964 3074; x_wconf 89' lang='lat' dir='ltr'><strong>et</strong></span> <span class='ocrx_word' id='word_1_243' title='bbox 996 3000 1259 3099; x_wconf 88' lang='lat' dir='ltr'><strong>persecucione</strong></span> <span class='ocrx_word' id='word_1_244' title='bbox 1292 2997 1381 3074; x_wconf 89' lang='lat' dir='ltr'><strong>dicti</strong></span> <span class='ocrx_word' id='word_1_245' title='bbox 1409 3053 1417 3071; x_wconf 91' lang='lat'><strong>.</strong></span> <span class='ocrx_word' id='word_1_246' title='bbox 1447 3053 1456 3072; x_wconf 88' lang='lat'><strong>.</strong></span> <span class='ocrx_word' id='word_1_247' title='bbox 1492 2999 1639 3100; x_wconf 90' lang='lat' dir='ltr'><strong>capituli</strong></span> <span class='ocrx_word' id='word_1_248' title='bbox 1671 3011 1710 3076; x_wconf 88' lang='lat' dir='ltr'><strong>et</strong></span> <span class='ocrx_word' id='word_1_249' title='bbox 1742 3001 1990 3100; x_wconf 86' lang='lat' dir='ltr'><strong>occrrpaciorre</strong></span> <span class='ocrx_word' id='word_1_250' title='bbox 2019 2995 2117 3101; x_wconf 90' lang='lat' dir='ltr'><strong>opidi</strong></span> 
     </span>
     <span class='ocr_line' id='line_1_25' title="bbox 426 3099 2116 3204; baseline 0.001 -28"><span class='ocrx_word' id='word_1_251' title='bbox 426 3099 683 3202; x_wconf 82' lang='lat' dir='ltr'><strong>suprascripti,</strong></span> <span class='ocrx_word' id='word_1_252' title='bbox 714 3113 922 3202; x_wconf 82' lang='lat' dir='ltr'><strong>protestans</strong></span> <span class='ocrx_word' id='word_1_253' title='bbox 947 3103 1062 3178; x_wconf 89' lang='lat' dir='ltr'><strong>eciam</strong></span> <span class='ocrx_word' id='word_1_254' title='bbox 1087 3127 1176 3203; x_wconf 90' lang='lat' dir='ltr'><strong>pure</strong></span> <span class='ocrx_word' id='word_1_255' title='bbox 1202 3115 1240 3177; x_wconf 86' lang='lat' dir='ltr'><strong>et</strong></span> <span class='ocrx_word' id='word_1_256' title='bbox 1264 3103 1299 3176; x_wconf 93' lang='lat' dir='ltr'><strong>in</strong></span> <span class='ocrx_word' id='word_1_257' title='bbox 1326 3103 1396 3177; x_wconf 85' lang='lat' dir='ltr'><strong>biis</strong></span> <span class='ocrx_word' id='word_1_258' title='bbox 1422 3104 1568 3204; x_wconf 89' lang='lat' dir='ltr'><strong>scriptis</strong></span> <span class='ocrx_word' id='word_1_259' title='bbox 1596 3103 1696 3179; x_wconf 90' lang='lat' dir='ltr'><strong>clare</strong></span> <span class='ocrx_word' id='word_1_260' title='bbox 1723 3115 1761 3178; x_wconf 90' lang='lat' dir='ltr'><strong>et</strong></span> <span class='ocrx_word' id='word_1_261' title='bbox 1786 3127 1985 3204; x_wconf 84' lang='lat' dir='ltr'><strong>expresse,</strong></span> <span class='ocrx_word' id='word_1_262' title='bbox 2020 3100 2116 3202; x_wconf 83' lang='lat' dir='ltr'><strong>qnod</strong></span> 
     </span>
     <span class='ocr_line' id='line_1_26' title="bbox 426 3203 2116 3308; baseline 0.001 -28"><span class='ocrx_word' id='word_1_263' title='bbox 426 3205 521 3283; x_wconf 87' lang='lat' dir='ltr'><strong>bunc</strong></span> <span class='ocrx_word' id='word_1_264' title='bbox 547 3206 847 3305; x_wconf 85' lang='lat' dir='ltr'><strong>protestacionem</strong></span> <span class='ocrx_word' id='word_1_265' title='bbox 867 3215 905 3282; x_wconf 89' lang='lat' dir='ltr'><strong>et</strong></span> <span class='ocrx_word' id='word_1_266' title='bbox 931 3215 1100 3281; x_wconf 84' lang='lat' dir='ltr'><strong>contenta</strong></span> <span class='ocrx_word' id='word_1_267' title='bbox 1124 3205 1159 3278; x_wconf 90' lang='lat' dir='ltr'><strong>in</strong></span> <span class='ocrx_word' id='word_1_268' title='bbox 1178 3207 1234 3281; x_wconf 89' lang='lat' dir='ltr'><strong>eis</strong></span> <span class='ocrx_word' id='word_1_269' title='bbox 1260 3203 1473 3281; x_wconf 88' lang='lat' dir='ltr'><strong>reverendis</strong></span> <span class='ocrx_word' id='word_1_270' title='bbox 1496 3207 1657 3308; x_wconf 87' lang='lat' dir='ltr'><strong>patribus</strong></span> <span class='ocrx_word' id='word_1_271' title='bbox 1675 3207 1850 3306; x_wconf 88' lang='lat' dir='ltr'><strong>episcopo</strong></span> <span class='ocrx_word' id='word_1_272' title='bbox 1867 3208 2004 3282; x_wconf 89' lang='lat' dir='ltr'><strong>Wrat.</strong></span> <span class='ocrx_word' id='word_1_273' title='bbox 2029 3229 2116 3307; x_wconf 89' lang='lat' dir='ltr'><strong>pre·</strong></span> 
     </span>
     <span class='ocr_line' id='line_1_27' title="bbox 427 3301 2117 3409; baseline 0.001 -27"><span class='ocrx_word' id='word_1_274' title='bbox 427 3306 527 3384; x_wconf 88' lang='lat' dir='ltr'><strong>dicto</strong></span> <span class='ocrx_word' id='word_1_275' title='bbox 553 3319 592 3384; x_wconf 89' lang='lat' dir='ltr'><strong>et</strong></span> <span class='ocrx_word' id='word_1_276' title='bbox 618 3363 627 3381; x_wconf 90' lang='lat'><strong>.</strong></span> <span class='ocrx_word' id='word_1_277' title='bbox 656 3363 665 3382; x_wconf 88' lang='lat'><em>.</em></span> <span class='ocrx_word' id='word_1_278' title='bbox 693 3301 971 3409; x_wconf 79' lang='lat' dir='ltr'><strong>archiepiscopo</strong></span> <span class='ocrx_word' id='word_1_279' title='bbox 990 3306 1289 3400; x_wconf 81' lang='lat' dir='ltr'><strong>Gneninensi,</strong></span> <span class='ocrx_word' id='word_1_280' title='bbox 1318 3307 1468 3384; x_wconf 87' lang='lat' dir='ltr'><strong>dominis</strong></span> <span class='ocrx_word' id='word_1_281' title='bbox 1486 3309 1678 3386; x_wconf 87' lang='lat' dir='ltr'><strong>eorundem</strong></span> <span class='ocrx_word' id='word_1_282' title='bbox 1697 3311 1957 3398; x_wconf 89' lang='lat' dir='ltr'><strong>canonicorum,</strong></span> <span class='ocrx_word' id='word_1_283' title='bbox 1981 3319 2022 3386; x_wconf 85' lang='lat' dir='ltr'><strong>et</strong></span> <span class='ocrx_word' id='word_1_284' title='bbox 2047 3305 2117 3384; x_wconf 85' lang='lat' dir='ltr'><strong>do·</strong></span> 
     </span>
     <span class='ocr_line' id='line_1_28' title="bbox 426 3409 2117 3512; baseline 0.003 -28"><span class='ocrx_word' id='word_1_285' title='bbox 426 3412 520 3484; x_wconf 83' lang='lat' dir='ltr'><strong>raino</strong></span> <span class='ocrx_word' id='word_1_286' title='bbox 547 3421 668 3486; x_wconf 85' lang='lat' dir='ltr'><strong>nostro</strong></span> <span class='ocrx_word' id='word_1_287' title='bbox 697 3465 706 3484; x_wconf 93' lang='lat'><strong><em>.</em></strong></span> <span class='ocrx_word' id='word_1_288' title='bbox 735 3467 745 3485; x_wconf 91' lang='lat'><strong>.</strong></span> <span class='ocrx_word' id='word_1_289' title='bbox 772 3435 867 3512; x_wconf 89' lang='lat' dir='ltr'><strong>pape</strong></span> <span class='ocrx_word' id='word_1_290' title='bbox 895 3425 932 3488; x_wconf 90' lang='lat' dir='ltr'><strong>et</strong></span> <span class='ocrx_word' id='word_1_291' title='bbox 957 3409 1039 3488; x_wconf 87' lang='lat' dir='ltr'><strong>sedi</strong></span> <span class='ocrx_word' id='word_1_292' title='bbox 1066 3411 1281 3512; x_wconf 84' lang='lat' dir='ltr'><strong>apostolice,</strong></span> <span class='ocrx_word' id='word_1_293' title='bbox 1308 3412 1341 3486; x_wconf 88' lang='lat' dir='ltr'><strong>si</strong></span> <span class='ocrx_word' id='word_1_294' title='bbox 1369 3435 1460 3512; x_wconf 89' lang='lat' dir='ltr'><strong>opus</strong></span> <span class='ocrx_word' id='word_1_295' title='bbox 1486 3415 1604 3506; x_wconf 87' lang='lat' dir='ltr'><strong>luerit,</strong></span> <span class='ocrx_word' id='word_1_296' title='bbox 1632 3425 1669 3489; x_wconf 89' lang='lat' dir='ltr'><strong>et</strong></span> <span class='ocrx_word' id='word_1_297' title='bbox 1695 3413 1777 3488; x_wconf 87' lang='lat' dir='ltr'><strong>aliis</strong></span> <span class='ocrx_word' id='word_1_298' title='bbox 1804 3414 1931 3512; x_wconf 87' lang='lat' dir='ltr'><strong>quibus</strong></span> <span class='ocrx_word' id='word_1_299' title='bbox 1957 3435 2117 3488; x_wconf 86' lang='lat' dir='ltr'><strong>necesse</strong></span> 
     </span>
     <span class='ocr_line' id='line_1_29' title="bbox 424 3512 2118 3620; baseline 0.003 -33"><span class='ocrx_word' id='word_1_300' title='bbox 424 3512 536 3619; x_wconf 72' lang='lat' dir='ltr'><strong>suerit</strong></span> <span class='ocrx_word' id='word_1_301' title='bbox 559 3513 757 3620; x_wconf 75' lang='lat' dir='ltr'><strong>intimabit,</strong></span> <span class='ocrx_word' id='word_1_302' title='bbox 782 3513 831 3589; x_wconf 90' lang='lat' dir='ltr'><strong>de</strong></span> <span class='ocrx_word' id='word_1_303' title='bbox 857 3516 984 3613; x_wconf 89' lang='lat' dir='ltr'><strong>quibus</strong></span> <span class='ocrx_word' id='word_1_304' title='bbox 1016 3515 1176 3589; x_wconf 90' lang='lat' dir='ltr'><strong>omnibns</strong></span> <span class='ocrx_word' id='word_1_305' title='bbox 1203 3527 1242 3590; x_wconf 87' lang='lat' dir='ltr'><strong>et</strong></span> <span class='ocrx_word' id='word_1_306' title='bbox 1266 3513 1419 3613; x_wconf 83' lang='lat' dir='ltr'><strong>singulis</strong></span> <span class='ocrx_word' id='word_1_307' title='bbox 1451 3517 1638 3616; x_wconf 83' lang='lat' dir='ltr'><strong>premissis</strong></span> <span class='ocrx_word' id='word_1_308' title='bbox 1669 3513 1789 3592; x_wconf 91' lang='lat' dir='ltr'><strong>dictus</strong></span> <span class='ocrx_word' id='word_1_309' title='bbox 1817 3571 1826 3588; x_wconf 91' lang='lat'><strong>.</strong></span> <span class='ocrx_word' id='word_1_310' title='bbox 1854 3572 1863 3590; x_wconf 94' lang='lat'><strong>.</strong></span> <span class='ocrx_word' id='word_1_311' title='bbox 1889 3513 2054 3593; x_wconf 83' lang='lat' dir='ltr'><strong>sindicus</strong></span> <span class='ocrx_word' id='word_1_312' title='bbox 2078 3527 2118 3592; x_wconf 90' lang='lat' dir='ltr'><strong>et</strong></span> 
     </span>
     <span class='ocr_line' id='line_1_30' title="bbox 426 3615 2117 3720; baseline 0.002 -30"><span class='ocrx_word' id='word_1_313' title='bbox 426 3627 655 3716; x_wconf 80' lang='lat' dir='ltr'><strong>procurator,</strong></span> <span class='ocrx_word' id='word_1_314' title='bbox 688 3617 830 3692; x_wconf 85' lang='lat' dir='ltr'><strong>nomine</strong></span> <span class='ocrx_word' id='word_1_315' title='bbox 861 3641 929 3715; x_wconf 84' lang='lat' dir='ltr'><strong>qno</strong></span> <span class='ocrx_word' id='word_1_316' title='bbox 961 3639 1089 3718; x_wconf 87' lang='lat' dir='ltr'><strong>supra,</strong></span> <span class='ocrx_word' id='word_1_317' title='bbox 1124 3618 1194 3692; x_wconf 87' lang='lat' dir='ltr'><strong>sibi</strong></span> <span class='ocrx_word' id='word_1_318' title='bbox 1220 3642 1245 3692; x_wconf 90' lang='lat' dir='ltr'><strong>a</strong></span> <span class='ocrx_word' id='word_1_319' title='bbox 1267 3615 1373 3692; x_wconf 80' lang='lat' dir='ltr'><strong>vobis</strong></span> <span class='ocrx_word' id='word_1_320' title='bbox 1396 3621 1542 3693; x_wconf 86' lang='lat' dir='ltr'><strong>notariis</strong></span> <span class='ocrx_word' id='word_1_321' title='bbox 1569 3619 1723 3720; x_wconf 89' lang='lat' dir='ltr'><strong>publicis</strong></span> <span class='ocrx_word' id='word_1_322' title='bbox 1749 3619 1928 3719; x_wconf 89' lang='lat' dir='ltr'><strong>publicum</strong></span> <span class='ocrx_word' id='word_1_323' title='bbox 1954 3644 2022 3696; x_wconf 87' lang='lat' dir='ltr'><strong>seu</strong></span> <span class='ocrx_word' id='word_1_324' title='bbox 2073 3643 2117 3692; x_wconf 91' lang='lat' dir='ltr'><strong>rr-</strong></span> 
     </span>
     <span class='ocr_line' id='line_1_31' title="bbox 428 3643 2117 3824; baseline 0.004 -31"><span class='ocrx_word' id='word_1_325' title='bbox 428 3719 527 3795; x_wconf 87' lang='lat' dir='ltr'><strong>blica</strong></span> <span class='ocrx_word' id='word_1_326' title='bbox 551 3719 724 3818; x_wconf 77' lang='lat' dir='ltr'><strong>qrrociens</strong></span> <span class='ocrx_word' id='word_1_327' title='bbox 750 3743 842 3819; x_wconf 88' lang='lat' dir='ltr'><strong>opus</strong></span> <span class='ocrx_word' id='word_1_328' title='bbox 868 3720 986 3812; x_wconf 85' lang='lat' dir='ltr'><strong>luerit,</strong></span> <span class='ocrx_word' id='word_1_329' title='bbox 1014 3745 1116 3795; x_wconf 89' lang='lat' dir='ltr'><strong>unum</strong></span> <span class='ocrx_word' id='word_1_330' title='bbox 1142 3721 1204 3796; x_wconf 84' lang='lat' dir='ltr'><strong>rel</strong></span> <span class='ocrx_word' id='word_1_331' title='bbox 1229 3721 1333 3822; x_wconf 90' lang='lat' dir='ltr'><strong>plura</strong></span> <span class='ocrx_word' id='word_1_332' title='bbox 1358 3722 1448 3821; x_wconf 86' lang='lat' dir='ltr'><strong>petit</strong></span> <span class='ocrx_word' id='word_1_333' title='bbox 1472 3723 1549 3798; x_wconf 89' lang='lat' dir='ltr'><strong>lieri</strong></span> <span class='ocrx_word' id='word_1_334' title='bbox 1573 3723 1817 3823; x_wconf 89' lang='lat' dir='ltr'><strong>instrumento.</strong></span> <span class='ocrx_word' id='word_1_335' title='bbox 1839 3745 1843 3752; x_wconf 90' lang='lat'>·</span> <span class='ocrx_word' id='word_1_336' title='bbox 1868 3721 1952 3812; x_wconf 79' lang='lat' dir='ltr'><strong>Qua</strong></span> <span class='ocrx_word' id='word_1_337' title='bbox 1976 3643 2117 3824; x_wconf 36' lang='lat' dir='ltr'><strong>quiam</strong></span> 
     </span>
     <span class='ocr_line' id='line_1_32' title="bbox 429 3820 2116 3928; baseline 0.002 -30"><span class='ocrx_word' id='word_1_338' title='bbox 429 3831 533 3898; x_wconf 83' lang='lat' dir='ltr'><strong>carta</strong></span> <span class='ocrx_word' id='word_1_339' title='bbox 556 3821 722 3922; x_wconf 82' lang='lat' dir='ltr'><strong>perlecta</strong></span> <span class='ocrx_word' id='word_1_340' title='bbox 746 3822 827 3922; x_wconf 89' lang='lat' dir='ltr'><strong>ipse</strong></span> <span class='ocrx_word' id='word_1_341' title='bbox 854 3820 1017 3898; x_wconf 90' lang='lat' dir='ltr'><strong>dominus</strong></span> <span class='ocrx_word' id='word_1_342' title='bbox 1044 3823 1186 3900; x_wconf 91' lang='lat' dir='ltr'><strong>Beldo</strong></span> <span class='ocrx_word' id='word_1_343' title='bbox 1213 3825 1430 3916; x_wconf 89' lang='lat' dir='ltr'><strong>canonicus,</strong></span> <span class='ocrx_word' id='word_1_344' title='bbox 1462 3825 1707 3928; x_wconf 82' lang='lat' dir='ltr'><strong>procuratorio</strong></span> <span class='ocrx_word' id='word_1_345' title='bbox 1734 3826 1872 3902; x_wconf 89' lang='lat' dir='ltr'><strong>nomine</strong></span> <span class='ocrx_word' id='word_1_346' title='bbox 1898 3849 1967 3928; x_wconf 85' lang='lat' dir='ltr'><strong>qno</strong></span> <span class='ocrx_word' id='word_1_347' title='bbox 1995 3849 2116 3928; x_wconf 86' lang='lat' dir='ltr'><strong>supra,</strong></span> 
     </span>
     <span class='ocr_line' id='line_1_33' title="bbox 428 3917 2119 4030; baseline 0.004 -30"><span class='ocrx_word' id='word_1_348' title='bbox 428 3917 479 4002; x_wconf 91' lang='lat' dir='ltr'><strong>de</strong></span> <span class='ocrx_word' id='word_1_349' title='bbox 504 3923 645 4001; x_wconf 86' lang='lat' dir='ltr'><strong>lectura</strong></span> <span class='ocrx_word' id='word_1_350' title='bbox 670 3935 707 4002; x_wconf 87' lang='lat' dir='ltr'><strong>et</strong></span> <span class='ocrx_word' id='word_1_351' title='bbox 731 3926 982 4026; x_wconf 80' lang='lat' dir='ltr'><strong>publicacione</strong></span> <span class='ocrx_word' id='word_1_352' title='bbox 1006 3924 1209 4028; x_wconf 80' lang='lat' dir='ltr'><strong>hujusmodi</strong></span> <span class='ocrx_word' id='word_1_353' title='bbox 1238 3929 1261 4002; x_wconf 84' lang='lat' dir='ltr'><strong>a</strong></span> <span class='ocrx_word' id='word_1_354' title='bbox 1287 3927 1390 4002; x_wconf 84' lang='lat' dir='ltr'><strong>nobis</strong></span> <span class='ocrx_word' id='word_1_355' title='bbox 1416 3928 1564 4002; x_wconf 86' lang='lat' dir='ltr'><strong>notariis</strong></span> <span class='ocrx_word' id='word_1_356' title='bbox 1595 3927 1770 4029; x_wconf 86' lang='lat' dir='ltr'><strong>predictis</strong></span> <span class='ocrx_word' id='word_1_357' title='bbox 1795 3926 1922 4030; x_wconf 80' lang='lat' dir='ltr'><strong>petivit</strong></span> <span class='ocrx_word' id='word_1_358' title='bbox 1947 3929 2016 4006; x_wconf 87' lang='lat' dir='ltr'><strong>sibi</strong></span> <span class='ocrx_word' id='word_1_359' title='bbox 2041 3929 2119 4006; x_wconf 81' lang='lat' dir='ltr'><strong>beri</strong></span> 
     </span>
     <span class='ocr_line' id='line_1_34' title="bbox 427 4029 2118 4132; baseline 0 -26"><span class='ocrx_word' id='word_1_360' title='bbox 427 4047 583 4130; x_wconf 76' lang='lat' dir='ltr'><strong>presens</strong></span> <span class='ocrx_word' id='word_1_361' title='bbox 608 4029 870 4105; x_wconf 85' lang='lat' dir='ltr'><strong>instrumentum</strong></span> <span class='ocrx_word' id='word_1_362' title='bbox 898 4031 1073 4130; x_wconf 88' lang='lat' dir='ltr'><strong>publicum</strong></span> <span class='ocrx_word' id='word_1_363' title='bbox 1102 4033 1159 4118; x_wconf 83' lang='lat' dir='ltr'><strong>vel</strong></span> <span class='ocrx_word' id='word_1_364' title='bbox 1184 4031 1288 4131; x_wconf 91' lang='lat' dir='ltr'><strong>plura</strong></span> <span class='ocrx_word' id='word_1_365' title='bbox 1313 4032 1348 4105; x_wconf 91' lang='lat' dir='ltr'><strong>si</strong></span> <span class='ocrx_word' id='word_1_366' title='bbox 1373 4055 1464 4132; x_wconf 83' lang='lat' dir='ltr'><strong>opus</strong></span> <span class='ocrx_word' id='word_1_367' title='bbox 1491 4031 1599 4108; x_wconf 85' lang='lat' dir='ltr'><strong>luerit</strong></span> <span class='ocrx_word' id='word_1_368' title='bbox 1623 4033 1868 4108; x_wconf 86' lang='lat' dir='ltr'><strong>instrumenta.</strong></span> <span class='ocrx_word' id='word_1_369' title='bbox 1911 4031 2012 4108; x_wconf 76' lang='lat' dir='ltr'><strong>Acta</strong></span> <span class='ocrx_word' id='word_1_370' title='bbox 2031 4045 2118 4108; x_wconf 85' lang='lat' dir='ltr'><strong>sunt</strong></span> 
     </span>
     <span class='ocr_line' id='line_1_35' title="bbox 427 4127 2118 4236; baseline 0.001 -28"><span class='ocrx_word' id='word_1_371' title='bbox 427 4127 500 4210; x_wconf 85' lang='lat' dir='ltr'><strong>bec</strong></span> <span class='ocrx_word' id='word_1_372' title='bbox 525 4153 630 4224; x_wconf 92' lang='lat' dir='ltr'><strong>anno,</strong></span> <span class='ocrx_word' id='word_1_373' title='bbox 657 4129 856 4225; x_wconf 88' lang='lat' dir='ltr'><strong>indicione,</strong></span> <span class='ocrx_word' id='word_1_374' title='bbox 883 4131 963 4225; x_wconf 89' lang='lat' dir='ltr'><strong>die,</strong></span> <span class='ocrx_word' id='word_1_375' title='bbox 994 4135 1077 4212; x_wconf 91' lang='lat' dir='ltr'><strong>loco</strong></span> <span class='ocrx_word' id='word_1_376' title='bbox 1103 4146 1141 4211; x_wconf 90' lang='lat' dir='ltr'><strong>et</strong></span> <span class='ocrx_word' id='word_1_377' title='bbox 1167 4129 1256 4211; x_wconf 90' lang='lat' dir='ltr'><strong>bora</strong></span> <span class='ocrx_word' id='word_1_378' title='bbox 1281 4135 1455 4234; x_wconf 77' lang='lat' dir='ltr'><strong>superins</strong></span> <span class='ocrx_word' id='word_1_379' title='bbox 1475 4136 1723 4236; x_wconf 86' lang='lat' dir='ltr'><strong>expressatis,</strong></span> <span class='ocrx_word' id='word_1_380' title='bbox 1748 4136 1978 4236; x_wconf 90' lang='lat' dir='ltr'><strong>presentibus</strong></span> <span class='ocrx_word' id='word_1_381' title='bbox 2003 4137 2118 4211; x_wconf 89' lang='lat' dir='ltr'><strong>bono·</strong></span> 
     </span>
     <span class='ocr_line' id='line_1_36' title="bbox 426 4232 2118 4340; baseline 0.002 -30"><span class='ocrx_word' id='word_1_382' title='bbox 426 4235 599 4310; x_wconf 87' lang='lat' dir='ltr'><strong>rabilibus</strong></span> <span class='ocrx_word' id='word_1_383' title='bbox 626 4247 663 4312; x_wconf 87' lang='lat' dir='ltr'><strong>et</strong></span> <span class='ocrx_word' id='word_1_384' title='bbox 687 4232 860 4313; x_wconf 87' lang='lat' dir='ltr'><strong>discretis</strong></span> <span class='ocrx_word' id='word_1_385' title='bbox 885 4237 992 4328; x_wconf 84' lang='lat' dir='ltr'><strong>viris,</strong></span> <span class='ocrx_word' id='word_1_386' title='bbox 1025 4236 1175 4312; x_wconf 91' lang='lat' dir='ltr'><strong>dominis</strong></span> <span class='ocrx_word' id='word_1_387' title='bbox 1208 4237 1408 4314; x_wconf 89' lang='lat' dir='ltr'><strong>Nicolao</strong></span> <span class='ocrx_word' id='word_1_388' title='bbox 1442 4238 1616 4332; x_wconf 82' lang='lat' dir='ltr'><strong>Baran,</strong></span> <span class='ocrx_word' id='word_1_389' title='bbox 1638 4238 1844 4315; x_wconf 89' lang='lat' dir='ltr'><strong>Jobanne</strong></span> <span class='ocrx_word' id='word_1_390' title='bbox 1876 4239 2048 4340; x_wconf 78' lang='lat' dir='ltr'><strong>Pegow</strong></span> <span class='ocrx_word' id='word_1_391' title='bbox 2079 4251 2118 4314; x_wconf 90' lang='lat' dir='ltr'><strong>et</strong></span> 
     </span>
     <span class='ocr_line' id='line_1_37' title="bbox 427 4337 2117 4444; baseline 0.002 -30"><span class='ocrx_word' id='word_1_392' title='bbox 427 4338 468 4414; x_wconf 88' lang='lat' dir='ltr'>N</span> <span class='ocrx_word' id='word_1_393' title='bbox 473 4339 628 4416; x_wconf 87' lang='lat' dir='ltr'><strong>icolac</strong></span> <span class='ocrx_word' id='word_1_394' title='bbox 654 4337 753 4441; x_wconf 78' lang='lat' dir='ltr'><strong>ayk</strong></span> <span class='ocrx_word' id='word_1_395' title='bbox 779 4337 954 4414; x_wconf 85' lang='lat' dir='ltr'><strong>altaristis</strong></span> <span class='ocrx_word' id='word_1_396' title='bbox 980 4351 1017 4416; x_wconf 90' lang='lat' dir='ltr'><strong>et</strong></span> <span class='ocrx_word' id='word_1_397' title='bbox 1033 4340 1180 4417; x_wconf 80' lang='lat' dir='ltr'><strong>vicariis</strong></span> <span class='ocrx_word' id='word_1_398' title='bbox 1198 4351 1391 4417; x_wconf 84' lang='lat' dir='ltr'><strong>memorate</strong></span> <span class='ocrx_word' id='word_1_399' title='bbox 1408 4337 1544 4417; x_wconf 86' lang='lat' dir='ltr'><strong>Wrat.</strong></span> <span class='ocrx_word' id='word_1_400' title='bbox 1574 4342 1749 4440; x_wconf 77' lang='lat' dir='ltr'><strong>ecclesie,</strong></span> <span class='ocrx_word' id='word_1_401' title='bbox 1777 4341 1930 4418; x_wconf 91' lang='lat' dir='ltr'><strong>testibus</strong></span> <span class='ocrx_word' id='word_1_402' title='bbox 1958 4339 2007 4418; x_wconf 87' lang='lat' dir='ltr'><strong>ad</strong></span> <span class='ocrx_word' id='word_1_403' title='bbox 2032 4365 2117 4444; x_wconf 91' lang='lat' dir='ltr'><strong>pre-</strong></span> 
     </span>
     <span class='ocr_line' id='line_1_38' title="bbox 426 4437 1180 4546; baseline 0.001 -30"><span class='ocrx_word' id='word_1_404' title='bbox 426 4442 542 4518; x_wconf 74' lang='lat' dir='ltr'><strong>missa</strong></span> <span class='ocrx_word' id='word_1_405' title='bbox 565 4437 709 4518; x_wconf 82' lang='lat' dir='ltr'><strong>vocatis</strong></span> <span class='ocrx_word' id='word_1_406' title='bbox 735 4443 946 4546; x_wconf 87' lang='lat' dir='ltr'><strong>specialiter</strong></span> <span class='ocrx_word' id='word_1_407' title='bbox 969 4454 1008 4519; x_wconf 92' lang='lat' dir='ltr'><strong>et</strong></span> <span class='ocrx_word' id='word_1_408' title='bbox 1030 4444 1180 4542; x_wconf 81' lang='lat' dir='ltr'><strong>rogatis.</strong></span> 
     </span>
     <span class='ocr_line' id='line_1_39' title="bbox 287 4545 2117 4648; baseline 0.004 -33"><span class='ocrx_word' id='word_1_409' title='bbox 287 4553 393 4621; x_wconf 59' lang='grc' dir='ltr'><strong>(ΝΜ</strong></span> <span class='ocrx_word' id='word_1_410' title='bbox 533 4545 586 4620; x_wconf 73' lang='lat' dir='ltr'><strong>nt</strong></span> <span class='ocrx_word' id='word_1_411' title='bbox 611 4567 684 4645; x_wconf 79' lang='lat' dir='ltr'><strong>ego</strong></span> <span class='ocrx_word' id='word_1_412' title='bbox 709 4545 934 4622; x_wconf 88' lang='lat' dir='ltr'><strong>llenricus</strong></span> <span class='ocrx_word' id='word_1_413' title='bbox 961 4546 1135 4648; x_wconf 86' lang='lat' dir='ltr'><strong>qnondam</strong></span> <span class='ocrx_word' id='word_1_414' title='bbox 1164 4545 1305 4640; x_wconf 82' lang='lat' dir='ltr'><strong>Petri,</strong></span> <span class='ocrx_word' id='word_1_415' title='bbox 1334 4548 1490 4626; x_wconf 87' lang='lat' dir='ltr'><strong>clericus</strong></span> <span class='ocrx_word' id='word_1_416' title='bbox 1517 4548 1675 4624; x_wconf 82' lang='lat' dir='ltr'><strong>civitatis</strong></span> <span class='ocrx_word' id='word_1_417' title='bbox 1701 4545 1834 4620; x_wconf 89' lang='lat' dir='ltr'><strong>Wrat.</strong></span> <span class='ocrx_word' id='word_1_418' title='bbox 1861 4547 2027 4648; x_wconf 82' lang='lat' dir='ltr'><strong>publicus</strong></span> <span class='ocrx_word' id='word_1_419' title='bbox 2051 4545 2117 4622; x_wconf 91' lang='lat' dir='ltr'><strong>irrr-</strong></span> 
     </span>
     <span class='ocr_line' id='line_1_40' title="bbox 262 4623 2117 4754; baseline 0.002 -32"><span class='ocrx_word' id='word_1_420' title='bbox 262 4623 415 4684; x_wconf 55' lang='lat' dir='ltr'><strong>fflm&#39;)</strong></span> <span class='ocrx_word' id='word_1_421' title='bbox 429 4647 557 4746; x_wconf 87' lang='lat' dir='ltr'><strong>periali</strong></span> <span class='ocrx_word' id='word_1_422' title='bbox 582 4649 797 4726; x_wconf 80' lang='lat' dir='ltr'><strong>auctoritate</strong></span> <span class='ocrx_word' id='word_1_423' title='bbox 822 4650 1001 4742; x_wconf 75' lang='lat' dir='ltr'><strong>somnos,</strong></span> <span class='ocrx_word' id='word_1_424' title='bbox 1032 4651 1279 4754; x_wconf 88' lang='lat' dir='ltr'><strong>suprascripte</strong></span> <span class='ocrx_word' id='word_1_425' title='bbox 1306 4663 1408 4730; x_wconf 87' lang='lat' dir='ltr'><strong>carte</strong></span> <span class='ocrx_word' id='word_1_426' title='bbox 1432 4649 1588 4729; x_wconf 86' lang='lat' dir='ltr'><strong>leccioni</strong></span> <span class='ocrx_word' id='word_1_427' title='bbox 1614 4673 1680 4726; x_wconf 85' lang='lat' dir='ltr'><strong>seu</strong></span> <span class='ocrx_word' id='word_1_428' title='bbox 1706 4649 1947 4750; x_wconf 86' lang='lat' dir='ltr'><strong>publicacioni</strong></span> <span class='ocrx_word' id='word_1_429' title='bbox 1973 4661 2011 4727; x_wconf 88' lang='lat' dir='ltr'><strong>et</strong></span> <span class='ocrx_word' id='word_1_430' title='bbox 2036 4649 2117 4726; x_wconf 85' lang='lat' dir='ltr'><strong>alirs</strong></span> 
     </span>
     <span class='ocr_line' id='line_1_41' title="bbox 429 4749 2118 4856; baseline 0.001 -30"><span class='ocrx_word' id='word_1_431' title='bbox 429 4749 604 4849; x_wconf 81' lang='lat' dir='ltr'><strong>predictis</strong></span> <span class='ocrx_word' id='word_1_432' title='bbox 629 4754 790 4828; x_wconf 88' lang='lat' dir='ltr'><strong>orrmibns</strong></span> <span class='ocrx_word' id='word_1_433' title='bbox 817 4765 855 4830; x_wconf 87' lang='lat' dir='ltr'><strong>et</strong></span> <span class='ocrx_word' id='word_1_434' title='bbox 879 4753 1033 4852; x_wconf 82' lang='lat' dir='ltr'><strong>singulis</strong></span> <span class='ocrx_word' id='word_1_435' title='bbox 1059 4775 1131 4828; x_wconf 84' lang='lat' dir='ltr'><strong>nna</strong></span> <span class='ocrx_word' id='word_1_436' title='bbox 1156 4755 1457 4832; x_wconf 84' lang='lat' dir='ltr'><strong>cunrJobanne</strong></span> <span class='ocrx_word' id='word_1_437' title='bbox 1484 4751 1660 4854; x_wconf 86' lang='lat' dir='ltr'><strong>quondam</strong></span> <span class='ocrx_word' id='word_1_438' title='bbox 1678 4753 1903 4829; x_wconf 68' lang='lat' dir='ltr'><strong>(inniberi</strong></span> <span class='ocrx_word' id='word_1_439' title='bbox 1922 4749 1971 4830; x_wconf 91' lang='lat' dir='ltr'><strong>de</strong></span> <span class='ocrx_word' id='word_1_440' title='bbox 1988 4755 2118 4856; x_wconf 79' lang='lat' dir='ltr'><strong>Nysa</strong></span> 
     </span>
     <span class='ocr_line' id='line_1_42' title="bbox 429 4855 2116 4958; baseline 0.002 -27"><span class='ocrx_word' id='word_1_441' title='bbox 429 4855 632 4956; x_wconf 82' lang='lat' dir='ltr'><strong>prescripto</strong></span> <span class='ocrx_word' id='word_1_442' title='bbox 658 4865 696 4932; x_wconf 91' lang='lat' dir='ltr'><strong>et</strong></span> <span class='ocrx_word' id='word_1_443' title='bbox 719 4857 924 4958; x_wconf 87' lang='lat' dir='ltr'><strong>subscripta</strong></span> <span class='ocrx_word' id='word_1_444' title='bbox 949 4855 1093 4957; x_wconf 89' lang='lat' dir='ltr'><strong>publico</strong></span> <span class='ocrx_word' id='word_1_445' title='bbox 1116 4859 1256 4934; x_wconf 84' lang='lat' dir='ltr'><strong>notario</strong></span> <span class='ocrx_word' id='word_1_446' title='bbox 1281 4879 1327 4933; x_wconf 88' lang='lat' dir='ltr'><strong>ac</strong></span> <span class='ocrx_word' id='word_1_447' title='bbox 1353 4855 1508 4934; x_wconf 85' lang='lat' dir='ltr'><strong>testibus</strong></span> <span class='ocrx_word' id='word_1_448' title='bbox 1532 4855 1707 4957; x_wconf 84' lang='lat' dir='ltr'><strong>predictis</strong></span> <span class='ocrx_word' id='word_1_449' title='bbox 1732 4857 1875 4932; x_wconf 82' lang='lat' dir='ltr'><strong>intertui</strong></span> <span class='ocrx_word' id='word_1_450' title='bbox 1898 4881 2016 4957; x_wconf 80' lang='lat' dir='ltr'><strong>eoquo</strong></span> <span class='ocrx_word' id='word_1_451' title='bbox 2041 4879 2116 4933; x_wconf 81' lang='lat' dir='ltr'><strong>ear·</strong></span> 
     </span>
     <span class='ocr_line' id='line_1_43' title="bbox 298 4953 2118 5062; baseline 0.005 -33"><span class='ocrx_word' id='word_1_452' title='bbox 298 4974 305 4990; x_wconf 74' lang='lat'><strong><em>¹</em></strong></span> <span class='ocrx_word' id='word_1_453' title='bbox 430 4953 492 5030; x_wconf 85' lang='lat' dir='ltr'><strong>uia</strong></span> <span class='ocrx_word' id='word_1_454' title='bbox 514 4967 552 5031; x_wconf 87' lang='lat' dir='ltr'><strong>et</strong></span> <span class='ocrx_word' id='word_1_455' title='bbox 578 4957 722 5056; x_wconf 75' lang='lat' dir='ltr'><strong>singula</strong></span> <span class='ocrx_word' id='word_1_456' title='bbox 746 4957 795 5032; x_wconf 86' lang='lat' dir='ltr'><strong>ad</strong></span> <span class='ocrx_word' id='word_1_457' title='bbox 817 4960 1010 5036; x_wconf 88' lang='lat' dir='ltr'><strong>instantem</strong></span> <span class='ocrx_word' id='word_1_458' title='bbox 1026 4961 1300 5062; x_wconf 80' lang='lat' dir='ltr'><strong>requisioionen</strong></span> <span class='ocrx_word' id='word_1_459' title='bbox 1314 4972 1364 5041; x_wconf 85' lang='lat' dir='ltr'><strong>&#39;ac</strong></span> <span class='ocrx_word' id='word_1_460' title='bbox 1381 4961 1596 5062; x_wconf 71' lang='lat' dir='ltr'><strong>peticionem</strong></span> <span class='ocrx_word' id='word_1_461' title='bbox 1613 4959 1743 5038; x_wconf 82' lang='lat' dir='ltr'><strong>domini</strong></span> <span class='ocrx_word' id='word_1_462' title='bbox 1759 4957 1979 5038; x_wconf 84' lang='lat' dir='ltr'><strong>Beldonia</strong></span> <span class='ocrx_word' id='word_1_463' title='bbox 2005 4983 2118 5039; x_wconf 69' lang='lat' dir='ltr'><strong>canc</strong></span> 
     </span>
    </p>
   </div>
   <div class='ocr_carea' id='block_1_3' title="bbox 0 0 2304 5764">
    <p class='ocr_par' dir='ltr' id='par_1_3' title="bbox 0 0 2304 5764">
     <span class='ocr_line' id='line_1_44' title="bbox 0 0 2304 5764; baseline 0 0"><span class='ocrx_word' id='word_1_464' title='bbox 0 0 2304 5764; x_wconf 95' lang='lat' dir='ltr'><strong> </strong></span> 
     </span>
    </p>
   </div>
  </div>
 </body>
</html>
