4660 5762
771 519 982 594 Urkrurdera
1037 517 1257 592 cexr'ffl.
1280 517 1456 590 CLXIX.
1881 517 1955 598 m

260 771 266 778 -
362 719 582 813 Jacobus,
601 721 839 800 ndremmoae
856 719 1030 799 divinas.
1043 719 1337 818 Gnannensm
1354 729 1428 796 etc.
1447 719 1611 798 ecclesie
1628 720 1792 821 archiep.
1811 729 1850 798 ct
1864 721 1954 798 Dn-
1980 737 2123 794 σιω.

257 827 484 926 diognetus,
517 824 682 902 ecclesie
707 823 1130 932 Wladiclauiensis
1154 821 1314 916 archid,
1338 833 1559 900 executores
1582 847 1607 900 e
1629 822 1724 902 sede
1751 825 1955 926 apostolica
1979 821 2111 946 '32⁵3'

255 927 440 1030 delegati,
468 927 675 1006 Sulinlau
692 927 741 1005 dc
758 927 1035 1007 Crisanouin
1060 940 1098 1006 et
1115 924 1380 1004 Theudrico
1398 923 1449 1004 de
1470 927 1582 1004 Belo
1605 929 1807 1006 rectoribus
1825 927 1953 1007 eoele-

257 1033 393 1110 siernm
415 1033 451 1108 in
476 1032 651 1109 territorio
669 1031 932 1110 Otrnnchorr
956 1031 1131 1134 dyocesis
1155 1030 1294 1107 Wrat.
1320 1031 1473 1108 salutern
1498 1030 1534 1106 in
1558 1025 1722 1108 dominu.
1762 1031 1952 1111 Noveritir

259 1161 328 1214 nos
346 1136 536 1238 recepisse
550 1135 693 1212 litteras
710 1135 1078 1237 spocoficmmhec
1095 1135 1225 1211 rerba:
1507 1181 1512 1190 ·

211 1237 213 1248 ’
364 1240 587 1318 Martinus
605 1233 832 1340 episcopias
847 1263 978 1316 servus
995 1261 1178 1316 serromnm
1198 1235 1278 1328 dei,
1305 1235 1646 1328 namneticorum,
1674 1236 1952 1340 archiepiscopo
1985 1249 2104 1306 mm

260 1343 519 1420 Gnennensi
537 1353 576 1418 et
591 1340 740 1420 dilectis
755 1341 840 1417 filiis
858 1398 868 1416 .
888 1397 898 1416 .
925 1343 1047 1418 abbati
1064 1340 1270 1418 monaoeerii
1288 1337 1336 1417 dc
1353 1340 1629 1418 Henrichow
1647 1340 1790 1416 Wrat,
1809 1339 1951 1442 dyooe·
1980 1333 2102 1460 „¹¹22
2235 1425 2244 1446 ἱ

255 1447 317 1524 ὼ
329 1470 376 1524 ac
389 1443 646 1524 archidiacono
661 1444 864 1522 Wtadisl
873 1445 1050 1522 oniensi
1063 1446 1217 1522 aetutem
1230 1453 1269 1521 ct
1284 1444 1523 1546 apostolicam
1537 1441 1844 1522 benediccionem.
1869 1441 1952 1522 su·
2020 1439 2028 1460 ‘

260 1550 363 1628 nobie
378 1549 599 1627 venerabilis
616 1549 729 1626 frater
751 1560 877 1625 noster
893 1547 1302 1626 Wratislauiensis
1327 1571 1350 1624 e
1374 1603 1384 1622 .
1401 1548 1582 1648 peticione
1599 1548 1828 1640 monamarit,
1854 1543 1951 1646 quod

258 1653 390 1730 nobilis
405 1655 461 1730 vir
475 1651 702 1730 Henricns
720 1650 797 1728 dux
813 1650 974 1728 Siccie
991 1662 1030 1730 et
1045 1651 1139 1728 doru.
1158 1573 1373 1726 Wrated

258 1757 424 1858 episcopi
442 1767 481 1834 et
497 1756 663 1832 ecclesie
682 1756 821 1832 Wrat
840 1756 1007 1856 aspirans
1025 1753 1129 1832 etad
1146 1751 1320 1854 quasdam
1338 1755 1459 1846 villas,
1487 1752 1609 1856 opido,
1637 1764 1761 1831 castra
1777 1763 1817 1830 ct
1833 1763 1950 1830 terroe

257 1859 424 1962 episcopi
440 1858 595 1960 predicti
613 1859 775 1958 nequiter
790 1857 996 1951 accedens,
1024 1859 1088 1934 iila
1104 1882 1287 1959 occupare
1306 1869 1343 1934 et
1360 1870 1542 1959 occupata
1558 1855 1722 1934 detinere
1739 1880 1786 1933 ac
1802 1857 1839 1931 in
1855 1854 1949 1957 ipsis

260 1987 376 2040 novas
395 1963 591 2048 servitoees
606 1962 808 2063 imponere,
834 1985 973 2038 necnon
992 1961 1133 2038 bladum
1152 1973 1191 2037 ct
1207 1961 1281 2038 alio
1297 1963 1392 2037 bona
1408 1961 1616 2062 quamplura
1632 1961 1798 2062 episcopi
1817 1984 1949 2060 supra·

258 2065 348 2144 dieti
365 2064 499 2143 exinde
516 2066 694 2166 superne
710 2065 838 2143 facere
862 2089 909 2141 ec
927 2063 1097 2142 eidemin
1190 2089 1209 2138 r
1227 2061 1382 2165 dampna
1437 2064 1549 2140 urimo
1565 2077 1604 2140 et
1619 2063 1769 2163 injuntum
1785 2063 1948 2162 irrogare

258 2170 448 2248 tenerum
465 2194 556 2246 cusu
574 2169 808 2270 presumpsit,
834 2179 981 2269 propter
994 2089 1202 2286 quodiddem
1220 2167 1418 2268 episcopus
1439 2165 1668 2268 inpietatem
1690 2165 1838 2260 ducem,
1865 2165 1949 2266 qum

257 2271 453 2372 diiigenter
469 2273 515 2348 ab
533 2297 579 2350 co
597 2273 747 2348 monitms
764 2269 971 2370 hujusmodi,
985 2281 1167 2372 occupata
1189 2271 1398 2362 restituere,
1426 2270 1621 2348 servitutes
1644 2293 1821 2347 revocare
1845 2283 1882 2346 et
1899 2266 1948 2348 de

257 2375 423 2478 dampnis
441 2386 479 2452 et
494 2375 632 2474 injuriis
649 2373 789 2452 medem
806 2373 1104 2452 utisseocionern
1121 2371 1277 2450 debitam
1295 2374 1365 2448 sibi
1382 2385 1421 2450 ct
1437 2373 1603 2452 ecclesie
1618 2371 1783 2475 predicte
1807 2375 1947 2472 impen-

257 2477 348 2555 dere
372 2479 628 2556 comumaciter
651 2501 719 2554 non
744 2477 883 2554 curarit
907 2499 977 2554 nec
1000 2475 1136 2577 aliquid
1157 2477 1378 2554 racionabiie
1402 2501 1601 2578 proponere
1621 2502 1734 2577 ,quare
1757 2474 1796 2552 id
1819 2476 1949 2554 socero

257 2580 514 2673 murense,
542 2605 620 2658 curn
640 2605 686 2658 ea
711 2593 838 2658 osseum
863 2581 917 2656 ita
939 2581 1096 2672 notoria,
1130 2577 1226 2680 quod
1249 2580 1348 2656 nulla
1370 2587 1524 2681 possent
1541 2581 1855 2680 ‘tergiversacionc
1879 2603 1947 2660 co·

255 2685 341 2776 leri,
367 2684 755 2762 excommunicacionis
779 2709 826 2762 ac
851 2684 948 2760 iiiios
971 2693 1215 2762 excrescente
1233 2685 1459 2761 coutumacia
1474 2685 1509 2760 in
1527 2695 1646 2762 terras
1663 2689 1746 2784 ejus
1763 2681 1946 2762 interdicti

255 2789 466 2866 sentencias
483 2788 699 2864 arietet-itate
716 2785 896 2864 ordinaria
913 2787 1149 2890 prumuigavit
1163 2787 1201 2876 ¹).
1255 2786 1377 2876 Quare
1394 2799 1609 2865 memoratus
1627 2789 1824 2890 episcopus
1841 2787 1945 2864 nobis

256 2891 432 2970 cumcun
447 2891 682 2993 supplicarit,
712 2901 750 2966 ut
774 2892 983 2970 sentencias
1008 2891 1113 2994 ipsos
1129 2891 1235 2968 robur
1257 2889 1463 2968 doceremus
1479 2891 1653 2968 firmitatis
1677 2888 1833 2968 debitum
1851 2891 1946 2968 obti-

255 3019 360 3086 nere,
387 2995 559 3096 quocirca
575 2994 793 3072 dserecioni
809 3003 935 3072 restro
951 3019 1017 3096 per
1033 2993 1238 3096 apostolica
1254 2993 1393 3094 scripta
1408 2992 1635 3086 manens,
1662 3005 1838 3092 nouenos
1855 3018 1944 3070 sen-

254 3100 399 3176 tencias
415 3096 584 3189 eadem,
611 3099 708 3176 sicut
721 3098 989 3176 racionabiliter
1005 3108 1088 3176 sunt
1103 3097 1263 3199 prolate,
1288 3096 1438 3174 faciatis
1455 3097 1670 3174 auctoritate
1685 3107 1813 3172 nostra
1831 3120 1945 3195 usquc

255 3200 304 3278 ud
321 3201 619 3280 sodefaccionom
638 3199 852 3301 condignam
875 3201 1128 3304 appellaoione
1152 3211 1289 3277 remota
1311 3197 1564 3277 inviolabiliter
1586 3199 1784 3276 observari.-
1837 3195 1945 3290 Quod
2081 3247 2084 3254 »

255 3305 374 3382 sinon
392 3330 516 3382 omnes
533 3305 602 3380 hiis
620 3303 848 3404 exequendis
864 3305 1053 3407 potueritis
1068 3305 1267 3395 interesse,
1296 3315 1332 3380 tu
1351 3303 1463 3380 frater
1480 3302 1760 3404 archiepiscope
1779 3325 1858 3378 cnm
1877 3323 1944 3379 eo·

254 3434 330 3484 rom
345 3409 460 3486 altero
478 3433 525 3486 ea
541 3409 788 3486 nichilominus
810 3409 1016 3509 exequaris.
1057 3409 1189 3484 Dauno
1207 3407 1409 3500 perusii,
1437 3404 1525 3482 xil.
1547 3403 1697 3484 kalend.
1713 3403 1944 3496 Novembris,

254 3514 482 3613 pontificatus
501 3513 612 3590 nostri
630 3536 723 3588 arrnn
741 3523 877 3612 primm.

1386 1651 1597 1749 gravamine
1613 1662 1652 1728 et
1667 1651 1818 1750 injurias
1834 1649 1950 1750 ipsius
1984 1722 1986 1726 .

358 3923 449 4006 Cum
472 3926 580 4026 igitur
602 3949 667 4026 per
690 3921 915 4002 evidenciam
939 3923 1065 4000 notorii
1089 3921 1179 3999 facti
1196 3921 1371 4042 concupi,
1399 3918 1495 4042 quud
1512 3919 1749 4042 nulle-potest
1764 3917 1943 4036 tergiper·
1980 3935 1984 3942 ·

255 4032 405 4108 sacione
423 4031 555 4119 celari,
583 4025 733 4105 easdem
751 4029 961 4106 sentencias
978 4035 1122 4105 constet
1138 4024 1221 4102 lnce
1240 4023 1374 4100 clarius
1399 4023 1502 4100 notam
1527 4033 1565 4100 ct
1580 4021 1665 4098 airas
1682 4017 1944 4122 qurumplurrbns

254 4157 305 4211 ⁰¹
318 4159 443 4210 ‘'⁸¹¹¹''
454 4131 901 4312 circutum
912 4125 1321 4308 eurr-ppppgp
1329 4123 1428 4306 {¹1⁰3
1435 4120 1944 4304 inmittit&

254 4260 624 4432 &damnitatem
638 4259 855 4415 reinniiidrius
875 4255 1066 4414 emiliae
1074 4285 1347 4410 examinacione
1361 4355 1430 4409 non
1448 4327 1621 4430 infflgcat,
1644 4353 1724 4406 cunr
1743 4329 1778 4404 iu
1796 4277 1967 4439 notoriis’·

211 4445 216 4456 '
254 4453 323 4522 non
334 4468 487 4522 serrare
493 4444 589 4542 juris
602 4439 762 4520 ordinem
776 4451 837 4518 cst
843 4439 938 4540 juri
949 4436 1110 4514 ordinem
1122 4437 1333 4528 observare,
1348 4447 1494 4538 propter
1508 4429 1943 4533 quodeciamfaetunree·

254 4543 531 4626 densentencie
537 4547 571 4622 in
580 4560 707 4622 nostra
713 4542 855 4648 synodo
862 4539 1288 4645 preteritahanchicie
1302 4535 1826 4639 celebratapublicatesuenrnt
1834 4546 1872 4610 et
1878 4557 1944 4634 per

253 4649 407 4730 eundem
425 4662 533 4728 totam
547 4647 722 4751 synodum
737 4646 981 4750 sollempniter
991 4644 1192 4746 approbate
1206 4667 1254 4720 oc
1265 4643 1451 4746 pernos²)‚
1470 4639 1795 4739 archiepiscopum,
1813 4645 1942 4714 aucto·

299 4897 332 4968 1)
361 4891 422 4953 Am
441 4885 695 4954 auscultet.
738 4886 818 4952 Uri.
841 4885 913 4950 CX.

295 4979 330 5056 1)
357 4971 459 5040 Urtt.
480 4973 521 5040 N.
543 4971 701 5053 CXXIX,
722 4969 858 5038 CXXX
880 4968 946 5034 und
967 4967 1070 5036 CLVl
1661 5061 1704 5128 Ἠ
1814 5014 1820 5025 ,
1888 4979 1894 5028 t
