4660 5762
421 511 499 592 nas
1023 515 1231 590 uma.
1265 483 1497 590 'coxam

422 733 552 800 maur
576 715 767 822 prostratis
793 739 871 794 catu
896 716 1052 796 fossatis
1074 717 1274 819 perum
1298 717 1577 820 err-phanau.
1611 713 1684 808 Qui
1707 711 1797 794 data
1821 715 1979 798 denaia
2003 725 2108 796 uhu'v

423 836 482 903 tes
508 823 688 912 iecerunt,
715 831 757 896 nt
778 822 835 898 eis
861 821 1065 922 peripsum
1092 819 1265 898 donum
1291 817 1422 898 ducam
1447 821 1567 899 fuerat
1590 818 1856 898 denudatus.

527 923 618 1005 Cum
641 924 750 1024 igitur
775 947 825 1002 ex
851 925 1113 1004 mantuanae
1134 922 1267 1002 donnini
1292 923 1504 1024 Gregorii
1530 949 1625 1028 papa
1649 922 1779 1002 deeinri
1805 921 1903 1026 apud
1925 921 2108 1023 Lugdu*

420 1057 516 1112 -rruur
543 1027 643 1108 edite
664 1030 701 1104 in
728 1028 880 1106 concilio
907 1029 1069 1128 genardi
1102 1028 1151 1104 sit
1175 1027 1295 1106 taliter
1317 1026 1523 1120 diffinitum,
1554 1025 1653 1128 qaod
1683 1029 1883 1128 quonaone
1913 1051 1981 1104 suo
2014 1041 2107 1104 nata

424 1159 493 1214 eus
517 1135 576 1234 qni
602 1132 813 1208 sentencias
838 1132 1233 1224 excommunicacionis,
1261 1132 1510 1234 suspensionis
1527 1156 1595 1210 seu
1612 1129 1791 1212 iuteroiind
1807 1131 1842 1208 ia
1860 1153 1983 1230 reges,
2009 1130 2107 1231 prin·

423 1239 529 1341 dpea
554 1237 614 1314 vel
640 1236 734 1314 aiios
758 1236 978 1336 protulerunt
1001 1237 1062 1312 vei
1088 1233 1239 1314 easdem
1265 1235 1474 1312 sentencias
1501 1247 1692 1312 servantes
1716 1237 1753 1312 iu
1778 1235 1945 1337 pusnrris
1962 1245 2023 1312 ant
2040 1236 2107 1312 bo·

422 1343 482 1418 uis
508 1341 584 1418 suis
610 1351 672 1418 aut
697 1363 837 1416 suorum
863 1363 1017 1440 muare
1043 1339 1330 1441 presumpserint
1347 1351 1409 1416 aut
1434 1339 1516 1416 odiis
1541 1337 1708 1417 dederim
1740 1339 1929 1418 Ιίιιιιιιιιίωι
1954 1361 2106 1441 pregra-

424 1443 552 1538 vanui,
579 1445 613 1520 in
640 1443 1023 1522 excournunicacroors
1048 1441 1208 1526 ruordaut
1238 1443 1461 1520 sentenciam
1485 1443 1567 1544 ipso
1592 1443 1709 1536 iaetu,
1742 1445 1800 1542 qui
1833 1455 1952 1537 auton
1976 1443 2013 1518 in
2038 1465 2106 1520 aaa

421 1548 507 1628 dou
532 1547 722 1626 sentencia
746 1547 1004 1649 permanserint
1025 1545 1175 1625 duorum
1197 1549 1371 1626 mensium
1396 1547 1524 1648 spacio
1550 1569 1601 1624 ex
1626 1559 1710 1624 tunc
1735 1549 1783 1624 ab
1807 1571 1858 1622 ea
1881 1571 1951 1624 nou
1967 1547 2108 1647 posint

273 1750 275 1756 s
423 1653 496 1730 uisi
519 1677 585 1754 per
609 1649 735 1730 sedeur
761 1651 998 1753 apostoticam
1022 1651 1267 1728 absolutionis
1294 1651 1503 1730 beneficium
1528 1651 1689 1728 obtinere
1705 1651 1751 1744 ¹),
1783 1675 1863 1728 ιιιιιιι
1889 1650 1996 1750 igitur
2020 1673 2106 1752 pre·

424 1758 525 1834 tauns
551 1754 642 1832 dora.
670 1753 745 1830 dux
770 1779 837 1830 nos
863 1753 912 1836 du
937 1767 1060 1832 nostra
1085 1753 1180 1832 sede
1205 1755 1358 1854 ejecerit
1382 1755 1491 1832 ratus
1517 1754 1735 1831 ennoean
1762 1778 1830 1830 sun
1846 1752 2000 1832 dorniuio
2017 1777 2107 1856 spo·

425 1862 547 1952 tintus,
574 1885 638 1961 pro
667 1883 714 1936 eo
742 1857 842 1960 quod
874 1885 926 1936 ex
951 1857 1170 1960 srrprndictis
1204 1859 1329 1936 causis
1360 1858 1474 1960 ipsunt
1506 1857 1890 1936 excommunicavimus
1913 1869 1954 1934 et
1977 1867 2107 1936 Ιιιιιιιιι

425 1966 540 2066 ipsius
566 1961 728 2063 generasi
751 1964 973 2060 sutrieoiurus
996 1961 1204 2054 interdicto,
1238 1987 1285 2038 ae
1311 1963 1507 2040 canonicos
1534 1973 1696 2054 nostros,
1731 1959 2005 2054 Pradioatoees,
2038 1962 2106 2040 air·

423 2071 543 2146 batem
576 2077 612 2144 et
644 2066 737 2142 aiios
771 2063 928 2144 ciericos
961 2067 1150 2166 religiosos
1184 2078 1223 2144 et
1252 2067 1460 2158 seculares,
1494 2091 1559 2167 pro
1591 2068 1684 2142 bono
1716 2063 1930 2142 obediencie
1962 2075 2106 2142 naurs

424 2172 635 2250 senencias
668 2181 859 2246 sewantes
891 2171 926 2245 in
960 2195 1038 2246 eun
1068 2179 1108 2246 et
1132 2182 1263 2246 terram
1287 2194 1389 2246 auara
1414 2169 1529 2263 latae,
1561 2169 1715 2270 ejecerit
1745 2169 1905 2246 similiter
1936 2181 1974 2245 et
1998 2169 2106 2246 reu·

424 2277 543 2354 eciam
568 2274 754 2376 spoliavit,
787 2274 888 2364 item,
921 2274 1005 2372 quia
1035 2270 1137 2349 dedit
1165 2273 1357 2350 licenciam
1389 2285 1427 2350 et
1451 2271 1634 2350 mandarit
1659 2270 1850 2350 destruere
1882 2283 1922 2350 et
1945 2272 2106 2374 conpla-

261 2379 267 2394 '
425 2405 515 2458 nare
539 2391 695 2456 casuum
719 2377 883 2454 eeclesia
910 2375 1171 2454 0tnruchow
1202 2389 1348 2477 propter
1376 2377 1586 2454 sentencias
1616 2377 1652 2452 in
1678 2401 1723 2454 se
1746 2377 1861 2470 latas,
1895 2401 1963 2454 noa
1992 2377 2107 2477 ipsu·

321 2473 328 2506 ¹
427 2481 520 2560 dnm.
548 2479 675 2558 duoern
702 2505 751 2557 ex
775 2477 949 2582 predictis
975 2481 1100 2558 causis
1125 2505 1172 2556 ac
1198 2491 1362 2582 nepotem
1392 2481 1507 2582 ipsius
1533 2479 1726 2582 preiatrru,
1760 2477 2013 2558 Conraduru
2038 2477 2107 2556 ad·

427 2597 610 2674 vocaturn,
636 2583 869 2662 chrieunr
897 2584 1053 2660 etates
1079 2584 1274 2685 complices
1301 2582 1511 2676 eorundem,
1546 2585 1605 2684 qui
1630 2581 1719 2663 data
1743 2583 1900 2662 licencia
1931 2597 2014 2662 strat
2039 2583 2106 2674 usi,

428 2713 480 2766 ex
505 2688 647 2791 prefata
671 2688 932 2766 constitucione
956 2685 1049 2764 doru.
1077 2686 1289 2787 Gregorii
1318 2687 1353 2764 iu
1386 2687 1459 2764 iniis
1490 2688 1636 2790 seriptis
1668 2688 1940 2790 prurruueiauurs
1970 2688 2005 2762 in
2036 2711 2106 2764 ex·
2147 2719 2157 2728 ·

428 2793 763 2870 conmunicacionis
788 2793 1009 2870 sentenciam
1033 2790 1209 2868 incidisse
1234 2803 1272 2870 et
1298 2793 1625 2870 excommunicatos
1650 2813 1740 2873 esso
1759 2792 1918 2870 curribus
1944 2789 2106 2892 prbiioa-

430 2922 519 2990 urus,
546 2893 756 2972 nmmos
784 2893 934 2972 eosdem
959 2897 1005 2972 ab
1031 2896 1191 2972 omnibus
1217 2895 1338 2972 arcus
1362 2895 1502 2972 evitari.

532 2999 689 3078 Etcum
719 2997 769 3076 dc
801 2996 970 3092 decimis,
1003 3027 1095 3098 puae
1118 3006 1345 3097 omnipotens
1369 3005 1537 3076 danum
1560 3001 1631 3074 otti
1656 3005 1694 3072 ιἰι
1719 3005 1864 3098 signore
1891 3003 2110 3075 navemus

428 3110 584 3180 dominii
608 3109 822 3190 reservavit,
848 3117 889 3178 ot
912 3117 1035 3180 essent
1058 3107 1161 3178 eidus
1185 3110 1224 3178 in
1247 3108 1355 3180 domo
1380 3109 1455 3188 dei,
1480 3131 1549 3202 que
1576 3117 1632 3178 est
1655 3109 1827 3186 ecclesia,
1852 3127 1917 3203 pro
1931 3101 2109 3194 ninam,

413 3219 469 3283 -et
493 3206 722 3308 provincialia
748 3204 910 3308 synodos
936 3206 1061 3284 suturis
1086 3204 1280 3307 providens
1306 3216 1344 3284 et
1360 3206 1642 3284 constituciones
1668 3206 1867 3304 legatorum
1891 3203 1997 3284 sedis
2016 3229 2109 3307 apo·

427 3311 560 3390 stolice
586 3323 758 3412 perpetuo
784 3311 971 3388 statuerint
996 3307 1276 3401 observandum,
1309 3324 1348 3386 ut
1377 3311 1575 3410 quietaque
1601 3307 1764 3386 decim
1796 3311 1969 3412 rapuerit,
1995 3309 2109 3411 impe·

430 3412 559 3490 diverit
583 3427 645 3490 eut
670 3409 861 3490 detinuerit
884 3411 1074 3502 violenter,
1106 3414 1265 3490 incurrat
1288 3413 1673 3492 excommunicacionis
1699 3413 1920 3490 seuterrniaru
1944 3413 2026 3514 ipso
2051 3413 2109 3490 sa·

430 3531 503 3608 cto,
529 3515 691 3592 dominus
717 3528 834 3592 auteur
860 3514 936 3593 dux
960 3516 1135 3616 pre-taus,
1167 3529 1239 3594 taur
1264 3530 1385 3594 nostre
1411 3541 1534 3594 urenae
1567 3516 1789 3618 episcopatis
1814 3542 1918 3618 quoru
1976 3517 2109 3596 relato·

431 3645 506 3696 ruur
539 3631 577 3696 et
602 3619 849 3696 canonicorum
879 3631 1075 3696 metrorum
1096 3619 1326 3708 clericorum,
1359 3621 1605 3721 religiosorum
1640 3632 1678 3698 et
1703 3621 1919 3700 sentuno
1995 3623 2109 3700 ciues

430 3719 577 3800 duorum
603 3747 769 3798 annorum
793 3745 904 3824 nuper
928 3724 1172 3823 preteritorum
1195 3749 1260 3826 pro
1286 3743 1331 3802 se
1355 3724 1581 3827 rraupauerit
1614 3737 1652 3800 et
1681 3725 1788 3800 istirrs
1812 3727 1897 3803 anui
1930 3725 2109 3826 presentis

429 3823 595 3904 decimas
621 3823 820 3919 interdixit,
847 3851 914 3904 nos
939 3824 1092 3906 eundern
1117 3825 1210 3902 dont.
1236 3825 1365 3906 ducem
1392 3853 1442 3906 ex
1459 3825 1695 3930 synodalibus
1722 3839 1760 3906 et
1784 3829 1982 3928 legatorum
2008 3827 2109 3908 sedin

431 3929 634 4031 apostolice
661 3931 976 4008 constitucionibus
992 3929 1167 4008 incidisse
1185 3933 1220 4006 iu
1242 3929 1381 4010 eisdem
1398 3932 1544 4033 seriptis
1563 3931 1599 4006 in
1619 3933 2005 4012 exconuuoicaeionis
2022 3957 2109 4012 seu·

432 4034 585 4112 teuciaur
610 4033 882 4135 promulgamus.
933 4033 1034 4128 Ιιιιιιι,
1062 4060 1140 4114 cunr
1167 4042 1295 4137 ajune
1321 4047 1460 4114 cantura
1487 4036 1594 4128 sit²),
1620 4033 1715 4136 quod
1740 4036 1794 4128 ie,
1827 4037 1888 4136 qui
1912 4038 2109 4114 nominatim

433 4139 739 4216 excommunicato
764 4139 923 4216 scienter
948 4140 1192 4230 mumunicat,
1218 4141 1253 4218 ei
1279 4139 1462 4218 consitium
1487 4137 1743 4241 inpendendo,
1769 4139 1937 4218 auxilium
1964 4141 2024 4218 vel
2049 4141 2110 4218 ia·

434 4265 565 4336 vorem,
594 4243 825 4320 eommunicet
848 4242 981 4321 oriosii
1007 4267 1052 4320 ee
1075 4269 1142 4345 per
1157 4243 1240 4337 hou,
1266 4268 1347 4321 cunr
1363 4243 1555 4322 facientem
1573 4255 1610 4320 et
1628 4243 1917 4322 consencieruaar
1934 4269 2003 4346 par
2016 4266 2111 4347 pene

481 4541 511 4624 1)
540 4511 785 4605 constitutiones
806 4563 826 4604 a
847 4543 911 4606 Gre
933 4542 1003 4608 urio
1024 4541 1059 4606 X
1085 4507 1122 4605 in
1144 4537 1278 4607 concilio
1301 4541 1501 4690 Lugldunensi
1523 4538 1663 4632 generali
1685 4541 1822 4608 sancitae
1850 4549 1892 4628 (a.
1917 4544 2012 4626 1274)
2040 4567 2110 4696 cap.

540 4623 671 4700 XXXI,
693 4625 796 4690 Mansi
816 4625 856 4689 Τ.
966 4625 1001 4706 V,
1029 4650 1060 4716 p.
1085 4625 1159 4708 lot,
1186 4625 1267 4691 anch
1289 4629 1355 4691 c.l
1407 4625 1446 4690 de
1468 4625 1623 4690 sententia
1649 4628 1998 4710 excommunicationis,
2026 4629 2058 4693 in
2103 4680 2111 4694 .

540 4708 606 4856 pnld
617 4709 660 4858 9ἱιι
682 4709 744 4774 den
764 4707 928 4776 Bruclauer
943 4709 1218 4802 Synodalstatuten
1238 4710 1381 4778 Thomu
1393 4709 1434 4776 Π.
1455 4731 1528 4774 vum
1548 4711 1574 4774 J.
1592 4709 1683 4793 1279,
1705 4711 1763 4778 der
1777 4713 1921 4804 Aungabe
1942 4735 2005 4780 von
2021 4713 2113 4799 1512,

554 4815 595 4858 ο.
640 4841 647 4858 .

310 4949 319 4958 .
480 4897 513 4974 t)
541 4892 639 5056 ciffi.)
653 4895 689 4960 X
703 4895 743 4961 de
757 4898 910 4963 sententia
931 4895 1270 4962 excommunicationis.
1296 4895 1496 4965 innocentius
1510 4895 1561 4978 lu
1582 4897 1840 4966 Wratisltuieusi
1854 4902 2005 4994 episeopo
2020 4907 2108 4986 (ann.
