4524 5770
249 1167 326 1236 laos,

218 1238 243 1292 2
256 1244 348 1292 nector.

1049 562 1260 633 Urlruudera
1317 561 1386 631 XI.

1182 931 1262 1020 xl.

378 1159 528 1220 lotorlaur
543 1159 585 1232 u..
608 1159 716 1234 lemos
737 1173 793 1222 ron
815 1159 972 1230 tetrorum,
996 1157 1161 1236 rrrrprtrlrt
1183 1159 1239 1220 nlt
1261 1158 1316 1218 ltu
1331 1159 1447 1220 tttttrm
1469 1119 1527 1220 nrt
1549 1160 1657 1231 (asson)
1680 1159 1828 1222 hortum
1849 1173 1904 1222 roa
1927 1159 2066 1236 tritius

378 1272 424 1331 ttr
446 1271 579 1344 Bronten,
608 1271 648 1332 tn
668 1271 814 1334 vultuum
836 1271 1077 1346 launomarum
1099 1271 1158 1330 unt
1179 1269 1297 1332 tamur
1320 1283 1356 1330 ιι
1377 1269 1574 1340 nlltalrtta
1602 1283 1650 1330 ιι
1673 1271 1844 1332 ttrotrttoa
1864 1285 1901 1330 aa
1921 1271 2064 1335 artuum

839 1457 917 1508 Liber
936 1459 1010 1521 niger
1027 1457 1221 1522 privilegiorum
1239 1456 1353 1516 episcop.
1372 1455 1457 1504 Wrat.
1477 1453 1520 1503 lol.
1538 1449 1599 1508 391.

478 1627 563 1703 Nos
580 1625 851 1716 Bolezlaus,
879 1623 914 1699 d.
936 1649 989 1726 gr.
1009 1623 1084 1700 dux
1102 1623 1277 1715 Slesie,
1305 1635 1423 1698 notum
1440 1623 1592 1701 lecimus
1610 1625 1790 1700 universis
1814 1625 1907 1700 hano
1924 1625 2063 1701 literam

377 1732 605 1836 inspecturis,
630 1727 725 1831 quod
743 1728 918 1804 ammoniti
937 1728 1088 1804 consilio
1107 1729 1241 1804 salubri
1259 1725 1534 1805 reverendorum
1552 1739 1700 1830 patrum,
1718 1728 1840 1804 fratris
1857 1727 2067 1806 Bertoldi

378 1834 431 1912 dc
449 1835 721 1926 Ratisbona,
748 1831 849 1908 verbi
874 1831 934 1908 dei
958 1833 1196 1925 seminatoris,
1223 1831 1345 1906 l'ratris
1371 1829 1564 1908 Slauote
1588 1833 1960 1924 ministriPolonie,
1988 1833 2065 1908 fra-

377 1940 441 2016 tris
460 1939 665 2042 Symouis
684 1935 849 2014 custodis
867 1935 1021 2028 Wrat,
1049 1935 1170 2010 fratris
1187 1933 1432 2028 Herbordi,
1460 1934 1510 2010 ad
1536 1937 1703 2012 honorem
1730 1935 1792 2012 dei
1816 1937 2065 2038 omnipotentis

378 2058 415 2122 et
433 2043 595 2120 ecclesie
613 2053 754 2133 sancte,
782 2053 1026 2139 contraquam
1046 2064 1112 2114 nos
1129 2039 1447 2138 recongnoscimus
1470 2041 1630 2139 graviter
1654 2038 1864 2140 deliquisse,
1891 2041 2065 2142 promitti-

377 2173 454 2222 mus
472 2144 612 2221 domino
631 2156 668 2221 et
685 2143 845 2246 compatri
872 2156 1012 2224 nostro.
1041 2143 1216 2244 episcopo
1242 2143 1626 2218 wratislaviensi
1652 2143 1821 2220 Thome
1844 2145 2064 2222 satisfacere

376 2252 410 2325 in
429 2251 523 2325 hunc
541 2245 692 2341 modum,
720 2249 811 2324 omni
828 2244 1030 2324 devocione
1048 2259 1086 2323 et
1102 2246 1312 2322 sinceritate
1328 2269 1393 2348 pro
1412 2247 1613 2322 commissis
1633 2273 1723 2348 erga
1738 2249 1865 2350 ipsum,
1891 2247 2065 2328 videlicet

377 2351 472 2456 quod
490 2350 538 2429 de
557 2353 706 2428 lllonte
724 2377 860 2428 aureo
876 2351 916 2442 ¹),
944 2351 1091 2427 civitate
1109 2361 1243 2439 nostra,
1263 2375 1342 2426 cum
1361 2348 1405 2428 C.
1425 2351 1590 2426 militibus
1609 2363 1646 2427 et
1664 2353 1850 2452 armigeris
1869 2351 1918 2427 ad
1936 2353 2064 2430 eccle—

377 2459 467 2534 siam
486 2457 582 2534 beati
597 2455 776 2533 ⁸iohannis
793 2456 962 2557 baptiste,
981 2480 1084 2554 quam
1109 2453 1353 2554 dignoscimur
1377 2452 1587 2544 offendisse,
1613 2455 1979 2550 Wratinlauiam,
2004 2458 2063 2532 in-

378 2559 454 2637 duti
477 2558 696 2636 solummodo
719 2559 837 2636 laneis
856 2545 1131 2660 et'nudipedes,
1157 2583 1222 2660 pro
1244 2556 1457 2658 inpetranda
1481 2560 1590 2634 venia
1612 2559 1789 2636 humiliter
1812 2559 2064 2662 procedemus.

376 2667 449 2742 Pro
473 2662 637 2770 dampnis
663 2663 779 2742 eciam
805 2667 887 2766 ejus
914 2673 951 2740 et
976 2663 1103 2767 spoliis
1121 2675 1158 2738 et
1175 2661 1329 2766 pecunia
1345 2662 1449 2738 nobis
1467 2662 1758 2765 qualitercunque
1775 2665 1962 2786 persoluta
1977 2689 2064 2766 pro·

377 2769 541 2844 mittimus
560 2773 642 2868 ejus
660 2767 819 2868 graciam
843 2767 1002 2842 invenire
1020 2763 1216 2844 secundum
1241 2763 1505 2844 ordinacionem
1523 2765 1666 2842 fratrum
1684 2767 1934 2869 predrctourm.
1968 2767 2063 2844 Pro-

375 2874 541 2949 mittimus
560 2873 674 2950 eciam
691 2871 843 2973 prestito
860 2868 946 2946 fidei
963 2881 1208 2962 sacramento,
1235 2867 1331 2970 quod
1355 2869 1507 2972 amplius
1532 2872 1748 2972 temporibus
1773 2873 1847 2948 vite
1873 2884 1995 2948 nostre
2012 2871 2065 2948 ad

375 3003 437 3054 res
460 2977 576 3080 ipsius
601 2985 639 3052 et
655 2973 818 3052 decimas
845 2985 883 3050 et
906 2974 1052 3050 aliarum
1077 2974 1239 3050 similiter
1264 2973 1504 3050 ecclesiarum
1521 2999 1646 3052 manus
1663 2976 1842 3052 violentas
1859 2977 2064 3054 nullatenus

375 3077 627 3172 extendemus·
678 3076 889 3161 Reddemus
920 3079 1037 3156 eciam
1060 3078 1128 3155 sibi
1151 3079 1302 3180 quinque
1327 3077 1476 3156 obsides
1500 3103 1608 3171 suos,
1644 3104 1734 3180 qnos
1758 3079 1950 3173 habemus,
1981 3080 2064 3158 sine

317 3219 320 3230 ·
374 3185 466 3266 onai
483 3183 698 3265 dificultate
715 3183 849 3262 liberos
869 3193 905 3262 et
922 3183 1072 3260 solutos.
1124 3181 1178 3260 Et
1201 3192 1239 3258 ut
1252 3193 1379 3258 nostra
1395 3207 1520 3261 secum
1538 3181 1736 3260 concordia
1751 3195 1926 3286 perpetuo
1944 3183 2063 3260 subi-

373 3291 420 3367 lis
443 3298 675 3392 perseveret,
701 3288 736 3367 iu
762 3299 1001 3388 argumentum
1028 3284 1243 3364 dileccionis
1275 3287 1419 3364 sincere
1453 3287 1613 3362 omnibus
1631 3284 1795 3388 dampnis
1820 3299 1858 3366 et
1881 3313 2062 3366 verecun-

375 3393 459 3484 diis,
485 3393 634 3492 siquas
657 3393 704 3468 ab
726 3391 807 3491 ipso
824 3415 914 3471 vere
936 3391 1142 3491 pertulimus
1160 3399 1222 3468 aut
1239 3389 1420 3490 opinamur
1435 3391 1642 3489 pertulisse,
1670 3389 1832 3468 cedimus
1849 3391 1923 3469 fide
1964 3393 2062 3486 lena,

374 3506 571 3596 sperantes·
583 3492 680 3596 quad
696 3505 736 3572 et
751 3496 947 3590 uobiscum,
973 3505 1012 3568 ut
1029 3494 1228 3584 consuerit,
1255 3493 1339 3570 vice
1362 3517 1474 3569 versa
1491 3491 1540 3570 de
1564 3496 1767 3570 commissis
1784 3495 1910 3574 iacere
1928 3419 2063 3574 debeat

374 3599 533 3700 graciam
551 3610 590 3676 et
599 3600 786 3776 pietatem.
839 3599 939 3674 Acta
964 3607 1047 3674 sunt
1072 3597 1144 3674 hec
1159 3597 1195 3672 in
1212 3597 1358 3672 Aureo
1376 3609 1519 3674 moute
1537 3598 1572 3672 iu
1591 3596 1695 3676 domo
1712 3599 1857 3676 fratrum
1876 3601 2064 3691 llsrnorum,

373 3701 467 3782 teria
482 3725 598 3782 secun
625 3727 650 3778 a
665 3713 750 3802 post
766 3698 860 3779 diem
878 3701 974 3778 beati
991 3697 1154 3794 Andree,
1180 3700 1409 3801 presentibus
1427 3700 1596 3778 iratribus
1615 3700 1742 3778 domtus
1762 3703 1868 3804 hujus
1886 3716 1924 3780 et
1940 3703 2061 3782 odeu-

374 3809 440 3884 bus
463 3806 616 3896 amum,
643 3805 832 3883 Alberto
857 3802 911 3882 de
934 3803 1268 3904 Vlugelsberlr,
1294 3804 1453 3882 Vlrico
1477 3803 1534 3882 de
1556 3803 1742 3899 Coldia,
1770 3804 1977 3887 Conrado
2002 3805 2062 3886 de

372 3911 561 4004 Milbus,
587 3907 790 3988 Henrico
817 3906 872 3986 de
895 3907 1077 4000 Pronin,
1104 3907 1284 3985 Ditrioo
1311 3905 1366 3986 de
1389 3909 1587 4002 lloberc,
1615 3911 1825 3988 Diterico
1850 3909 1908 3988 de
1932 3913 2061 3988 Mun-

373 4040 523 4110 noue,
548 4014 744 4092 Tantone
771 4009 824 4090 de
842 4011 1049 4106 Waldia,
1075 4009 1355 4104 Sekirlrone,
1381 4013 1581 4090 Nicolao
1606 4026 1645 4090 et
1664 4014 1748 4092 aliis
1774 4015 1904 4108 multis,
1929 4029 1967 4096 et
1988 4016 2061 4096 lroc

372 4145 463 4198 arno
480 4117 612 4199 domiti
629 4114 788 4196 orech.
806 4127 949 4196 octavo.
1003 4115 1043 4192 ln
1063 4120 1168 4216 cans
1183 4117 1421 4199 testimouium
1439 4129 1477 4193 et
1494 4117 1654 4218 vigorem
1668 4117 1764 4197 hauc
1782 4117 1938 4211 literam,
1959 4120 2060 4196 simi-

371 4221 452 4298 liter
468 4223 691 4326 appensione
708 4221 820 4298 nostri
837 4220 947 4320 sigilli
964 4216 1131 4315 domimus
1147 4219 1381 4314 muniendam.

417 4498 449 4578 1)
478 4489 684 4583 Goldberg
701 4515 742 4558 an
765 4492 822 4558 der
843 4491 1026 4576 Katabach,
1048 4493 1127 4558 SW.
1150 4493 1190 4560 ll
1213 4489 1257 4558 M.
1279 4514 1342 4558 von
1364 4487 1500 4558 Brasiau.

1011 4807 1415 4825 -d—o———r-u-——u-u-——fl
