4594 5774
827 518 1038 594 ursanum
1095 487 1302 590 cccxix.

942 817 1187 908 OGLXIX.

262 1010 345 1082 lari,
368 1006 520 1087 lurtum
538 1024 593 1072 ror
615 1009 741 1084 ltbrtr,
763 1009 910 1084 restruet
931 957 977 1070 tlt
1000 1007 1177 1084 tumtunm
1199 1009 1250 1070 dtr
1272 1007 1426 1070 brottmm
1446 1007 1595 1069 tltttrnt
1618 1009 1676 1070 ut
1696 1011 1871 1088 rtrrprlcbt

883 1111 1019 1172 turum
1041 1125 1078 1172 ιι
1100 1110 1248 1172 rentum
1429 1118 1432 1124 ·

253 1263 313 1312 Arm
330 1261 388 1312 deur
406 1261 539 1328 originale
557 1262 591 1312 nr
608 1263 727 1312 Anubin
745 1263 793 1311 dc·
811 1261 987 1323 nummum·
1005 1259 1035 1311 0.
1053 1257 1079 1326 l,
1097 1263 1125 1310 tu
1142 1261 1278 1324 toppeltcr
1295 1261 1497 1328 Aulcrttgrrng.
1539 1262 1594 1312 nas
1611 1261 1785 1329 netmntsgu
1800 1263 1878 1314 Karta

254 1351 284 1406 r)
301 1359 353 1398 ven
372 1348 494 1400 waima
512 1349 646 1414 Wrebte,
668 1349 700 1408 b)
717 1361 770 1398 von
788 1349 887 1398 retbe-
905 1348 1025 1398 wicum
1042 1347 1090 1396 aul
1105 1349 1228 1398 wutu-
1246 1349 1367 1398 Waclmu
1385 1349 1467 1414 ltingt
1483 1349 1652 1414 meracum,
1678 1351 1708 1410 ι)
1726 1363 1760 1400 tn
1777 1351 1880 1418 grinon

254 1435 308 1484 und
325 1436 417 1484 rothen
435 1436 570 1499 suidones,
589 1437 619 1492 b)
638 1448 671 1484 an
689 1434 791 1500 maen
809 1435 864 1483 und
881 1435 976 1484 blatteo
987 1435 1196 1484 baumwulleuen
1208 1435 1309 1500 Fiden,
1327 1435 1373 1484 rnit
1390 1437 1437 1484 der
1449 1435 1604 1484 Umtcbriltr
1622 1438 1651 1496 a)
1669 1437 1694 1484 rt
1706 1469 1714 1486 .
1726 1469 1734 1486 .
1746 1470 1754 1486 .
1766 1471 1775 1488 .
1787 1437 1879 1488 OLUS

328 1520 461 1571 rotomo·
478 1520 582 1569 llllGlS
601 1519 733 1569 bonomo
752 1519 804 1568 tut
819 1519 901 1570 ...0
920 1519 1100 1584 monstris,
1119 1522 1164 1568 ruit
1182 1521 1240 1569 dem
1258 1521 1431 1586 ltltckmegclr
1456 1519 1646 1570 stocttttnvot
1663 1521 1714 1570 ΚΑ
1727 1554 1734 1570 .
1747 1521 1805 1572 0Ll

439 1605 597 1656 rntmoon
610 1638 617 1654 .
630 1639 637 1654 .
649 1605 720 1655 Nl'l'l
737 1605 843 1656 nnuts
861 1605 994 1656 bonomo
1011 1605 1175 1657 MARCEIO
1193 1606 1372 1671 mortum,
1396 1607 1427 1666 b)
1445 1605 1568 1657 KAROL
1586 1641 1676 1658 .....

324 1741 364 1816 ln
391 1741 529 1816 nomine
556 1738 686 1816 domini
711 1765 826 1816 amen.
879 1741 964 1816 Nos
989 1741 1200 1834 Karolus,
1228 1740 1358 1816 domini
1386 1797 1395 1816 .
1425 1795 1465 1834 .,
1492 1743 1592 1841 regis
1618 1743 1812 1836 Boemie,
1839 1743 1915 1844 pri·
1965 1773 2044 1844 tom,

219 1845 438 1944 ungenitus,
470 1844 628 1922 marchio
654 1844 870 1936 bloranie,
899 1842 1176 1922 considerantes
1203 1845 1422 1922 sinceritatis
1453 1846 1619 1922 affectrnn
1645 1871 1713 1944 quo
1740 1869 1914 1924 reveren-
1957 1843 2057 1902 Μ

219 1947 289 2026 dus
314 1949 349 2024 in
377 1945 523 2025 Cbristo
550 1958 665 2048 pater,
693 1945 1095 2023 donnPrcedzla'us
1114 1957 1170 2040 ⁸),
1199 1947 1601 2036 Wratislauiensis
1618 1948 1828 2051 episcopus,
1847 1975 1913 2028 uo·

220 2053 276 2128 bis
303 2048 439 2128 studuit
465 2051 618 2128 sinceris
645 2051 836 2128 affectibus
862 2051 1098 2152 conplaoere,
1130 2076 1197 2126 nos
1223 2051 1344 2151 itaque
1370 2048 1645 2144 desiderantes,
1676 2051 1794 2130 cidem
1819 2052 1912 2130 dom.

219 2155 395 2257 episcopo
421 2153 481 2230 vel
508 2155 566 2252 qui
592 2179 657 2254 pro
683 2167 843 2255 ternpore
867 2153 974 2230 mem
1001 2165 1038 2230 et
1064 2154 1229 2230 ecclesie
1329 2155 1486 2255 capitulo
1511 2179 1558 2232 ac
1584 2156 1648 2231 toti
1676 2156 1775 2233 clero
1802 2181 1913 2234 secu·

219 2258 286 2332 lari
313 2257 471 2332 civitatis
498 2267 535 2334 et
561 2255 737 2358 dyocesis
767 2257 1171 2332 Wratislauiensis
1204 2257 1238 2330 iu
1265 2267 1388 2332 nostro
1423 2259 1611 2360 temporali
1636 2257 1790 2336 dominio
1824 2285 1914 2338 con·

220 2361 353 2441 stitutis
371 2365 409 2450 l)
443 2372 480 2437 et
507 2361 717 2462 specialiter
747 2371 870 2436 nostre
896 2359 1060 2436 ecclesie
1088 2359 1382 2460 Glogouieusi
1414 2371 1522 2460 grata
1555 2361 1692 2438 favoris
1717 2365 1830 2440 nostri
1855 2363 1913 2438 vi-

220 2459 434 2542 cissitudine
460 2488 652 2540 occurrere
685 2487 731 2540 ac
763 2464 865 2564 ipsos
892 2461 940 2538 de
971 2463 1188 2540 liberalitate
1216 2477 1340 2541 nostra
1365 2461 1521 2541 reddere
1548 2467 1778 2560 consolatos,
1813 2477 1914 2544 utet
2049 2497 2053 2504 ·

220 2567 290 2668 ipsi
317 2568 471 2665 quietem
498 2567 687 2644 consecuti
713 2577 750 2642 et
776 2589 903 2668 pacem
930 2564 1132 2665 nostrisque
1164 2564 1278 2665 adjuti
1312 2567 1497 2644 beneficiis
1523 2567 1558 2642 in
1589 2593 1685 2669 pace
1711 2571 1817 2672 pacis
1844 2567 1913 2646 do-

219 2670 312 2746 mino
338 2669 486 2746 valcant
510 2670 657 2748 liberius
682 2669 857 2762 lamrtlari,
885 2693 1009 2745 omues
1035 2669 1195 2768 gracias,
1223 2670 1425 2769 privilegia,
1451 2670 1640 2748 libertates
1658 2684 1697 2750 et
1721 2672 1912 2772 indulgeu-

220 2775 300 2850 cias
335 2797 402 2874 per
434 2797 666 2872 quoscunque
701 2770 837 2866 duces,
866 2772 1017 2850 comites
1047 2783 1085 2850 ct
1110 2773 1266 2848 barmres
1291 2772 1327 2847 iu
1355 2773 1502 2852 civitate
1530 2785 1567 2852 et
1593 2773 1747 2876 dyocesi
1775 2775 1911 2852 Wrat.

219 2874 395 2978 predictis
422 2889 460 2952 et
485 2877 696 2978 specialiter
721 2901 768 2956 ac
794 2876 967 2978 precipue
992 2901 1058 2976 per
1083 2877 1176 2954 bone
1202 2877 1370 2953 memorie
1396 2873 1502 2954 divos
1527 2879 1723 2980 principes,
1751 2877 1913 2956 dominos

219 2979 455 3056 Henricum
490 2981 653 3080 primum,
687 2981 926 3057 Henricum
965 2977 1179 3072 secundum,
1213 2979 1449 3054 Henricum
1475 2981 1641 3071 tercium,
1674 2983 1913 3061 Henricum

220 3093 378 3182 quartum
417 3093 455 3160 et
485 3083 725 3158 Henricum
766 3093 908 3158 sextum
948 3106 994 3158 ac
1027 3081 1181 3156 ultimum
1220 3093 1304 3157 tuno
1337 3079 1455 3158 duces
1488 3081 1650 3160 Slezie
1683 3096 1720 3159 et
1752 3081 1914 3158 dominos

222 3185 640 3262 Wratislauienscs
666 3209 805 3260 necnon
831 3209 897 3286 per
922 3182 1086 3260 dominos
1112 3185 1368 3278 Henricum,
1404 3183 1652 3262 Conradum
1680 3197 1717 3262 et
1742 3185 1913 3262 Bolko-

221 3315 316 3366 nem
342 3289 423 3366 olim
449 3287 566 3366 duces
593 3286 940 3387 Glogouienscs
967 3301 1004 3366 et
1029 3312 1095 3390 per
1120 3285 1294 3364 dominum
1321 3343 1360 3363 ..
1388 3289 1584 3387 genitorem
1608 3299 1764 3366 nostrum
1790 3313 1915 3389 regern

222 3393 404 3468 Boemie
431 3417 635 3470 concessas
663 3403 699 3467 et
726 3389 834 3467 datas
861 3416 928 3468 seu
955 3415 1140 3467 concessa
1165 3403 1202 3467 et
1228 3389 1327 3484 data,
1355 3405 1456 3466 ratas
1483 3403 1520 3468 ct
1546 3405 1672 3492 gratas
1690 3405 1915 3477 seurotaet

221 3507 326 3595 grata
351 3497 546 3584 babentes,
582 3519 650 3570 eas
678 3507 714 3580 et
741 3519 806 3586 ea,
844 3500 1114 3596 coujuscnuque
1142 3495 1367 3571 continencie
1392 3495 1454 3571 vel
1480 3496 1615 3572 tenoris
1642 3497 1818 3590 existunt,
1852 3519 1914 3572 re·

221 3600 493 3699 cognoscimus,
525 3599 752 3691 innovamus,
780 3599 1018 3700 approbamus
1053 3610 1090 3674 et
1115 3597 1362 3674 nichilominus
1397 3623 1446 3674 ex
1472 3609 1575 3676 certa
1600 3610 1724 3676 nostra
1751 3599 1916 3678 sciencia

220 3702 450 3805 presentibus
477 3701 743 3794 confirmamus,
770 3702 1014 3803 promittentes
1042 3701 1231 3780 sinceriter
1257 3699 1450 3779 bonafide
1477 3701 1678 3779 reverendo
1703 3703 1738 3778 iu
1767 3702 1915 3781 Christo

220 3805 324 3906 patri,
352 3802 444 3878 doru.
473 3801 736 3880 Przedzlao
756 3815 810 3898 ⁶),
848 3803 909 3882 dei
936 3815 974 3881 et
1000 3805 1202 3906 apostolice
1228 3803 1332 3881 sedis
1359 3806 1486 3904 gracia
1512 3807 1687 3908 episcopo
1712 3805 1914 3881 Wratis-

220 3907 423 3985 lauieusi
449 3905 614 4009 predicto
639 3910 800 4008 presenti
826 3919 863 3984 et
889 3909 1076 4009 recipienti
1102 3909 1186 3992 uice
1214 3919 1250 3983 et
1276 3909 1415 3983 nomine
1442 3933 1527 3999 suo,
1556 3909 1719 3985 ecclesie
1746 3919 1785 3984 et
1810 3907 1914 4010 capi-

221 4011 284 4087 tuli
303 4015 340 4102 ἃ)
359 4035 497 4087 necuon
517 4010 608 4085 cleri
633 4011 825 4102 secularis,
852 4023 1081 4088 manutenere
1108 4035 1252 4109 semper
1277 4035 1324 4086 ac
1349 4011 1600 4088 inviolabiliter
1617 4023 1655 4086 et
1671 4011 1808 4088 illibate
1832 4034 1914 4087 ser-

222 4139 309 4190 vare
335 4113 495 4214 gracias,
522 4110 793 4212 indulgencias,
827 4113 1016 4190 libertates
1043 4125 1080 4190 et
1105 4111 1295 4214 privilegia
1321 4113 1448 4202 omnia,
1476 4112 1707 4214 supradictas
1735 4126 1773 4190 et
1799 4113 1915 4190 eciam

222 4215 443 4318 supradicta,
471 4217 769 4318 episcopumque,
803 4215 1001 4294 ecclesiam
1028 4228 1066 4292 et
1091 4216 1284 4318 capitulum
1314 4227 1422 4316 atque
1449 4216 1581 4292 clerum
1600 4215 1803 4293 secularem
1828 4241 1915 4318 pre·

221 4319 341 4396 dictos
368 4333 492 4396 contra
518 4343 750 4420 quoscunque
778 4375 787 4394 .
814 4374 824 4394 .
850 4343 981 4420 reges,
1010 4315 1144 4414 duces,
1171 4319 1340 4412 comites,
1370 4319 1536 4410 barones,
1564 4331 1748 4422 tyrannos,
1776 4319 1915 4421 spolia·
1965 4323 1969 4334 '

223 4439 336 4515 tores,
363 4423 627 4515 molestatores,
638 4422 882 4521 'injuriatores
910 4433 947 4498 et
972 4424 1241 4523 perturbatores
1267 4423 1434 4524 ipsorum,
1463 4427 1710 4524 cujuscunque
1728 4420 1915 4501 condicio-

222 4528 279 4600 nis
306 4537 368 4600 aut
393 4537 511 4600 status
538 4525 721 4602 extiterint
746 4523 942 4602 defensare
968 4549 1015 4601 ac
1040 4527 1143 4628 ipsos
1170 4537 1207 4602 et
1231 4525 1388 4626 ipsorum
1415 4526 1526 4619 bonu,
1558 4535 1692 4618 terras,
1720 4535 1852 4601 statum
1878 4537 1916 4602 et

216 4635 304 4728 jura
329 4625 530 4704 defendere
556 4638 594 4704 et
620 4629 758 4728 absque
785 4627 858 4704 doli
885 4627 1054 4730 scrupulo
1072 4652 1304 4722 conservare,
1330 4639 1518 4730 postquam
1542 4629 1821 4730 perceperimus,
1848 4653 1915 4704 eos

223 4744 285 4807 ant
309 4731 466 4833 ipsorum
491 4729 632 4830 aliquos
656 4732 815 4833 spoliari,
842 4731 1025 4809 molestari
1052 4743 1090 4808 et
1113 4732 1312 4834 perturbari
1337 4731 1372 4806 in
1398 4733 1577 4833 personis,
1604 4733 1713 4809 rebus
1740 4732 1800 4809 rel
1819 4731 1915 4832 juri·

325 4859 546 4954 Abwotelruugcn
564 4887 611 4937 des
629 4889 741 4940 stretton
758 4889 923 4953 Exemplum
959 4889 1172 4949 obfuscatam.
1207 4890 1238 4948 b)
1260 4888 1355 4939 Nostro
1374 4889 1486 4940 tonmto
1503 4889 1635 4953 temporali
1654 4889 1787 4952 subiectio.
1822 4889 1913 4956 Vorgl.

222 4975 254 5025 N.
272 4973 393 5028 cvm
409 4987 469 5024 nour
487 4971 513 5024 4.
531 4973 643 5024 umber
660 4967 737 5025 lata
774 4979 803 5036 c)
824 4975 958 5026 creturae.
994 4976 1025 5035 d)
1049 4974 1161 5038 crpituli
1179 4975 1428 5026 wrattrtautcmts:
1617 5051 1660 5121 ³⁷
