4594 5774
790 491 1001 611 nemaei
1058 533 1312 612 cccxxxv.
1675 611 1679 624 ,
1826 543 1900 620 ιιι

210 713 347 816 interitu
372 735 473 817 Dcite
498 741 713 842 intercipere
738 737 965 815 valeamusf‘
1017 739 1121 815 Dom.
1153 738 1232 816 dux
1260 739 1424 843 prelatus
1456 739 1505 819 ad
1537 769 1584 821 es
1616 739 1672 824 aie
1698 747 1902 850 responditt

213 866 308 935 „uon
342 841 495 920 creditis
526 844 632 920 michi
682 842 766 943 quia
797 864 847 919 ex
880 851 984 943 parte
1010 840 1103 917 dom.
1138 843 1183 918 im
1210 846 1364 920 cratoris
1389 847 1449 922 bic
1477 839 1608 923 existo.
1672 848 1902 929 Preseutetis

212 943 319 1022 michi
343 959 501 1022 vestram
526 957 661 1046 partem
689 943 804 1045 opidi,
840 943 871 1018 si
898 939 1090 1050 apparebit
1112 871 1208 1045 quod
1238 949 1403 1025 beenon
1436 949 1512 1026 leci
1529 949 1586 1054 de
1611 952 1779 1028 mandato
1806 953 1900 1030 don:

211 1049 453 1150 imperatoris,
486 1060 634 1149 paratos
668 1073 744 1124 sum
779 1047 897 1122 statim
930 1047 1035 1122 vobis
1060 1061 1219 1126 vestram
1245 1061 1382 1152 partem
1408 1053 1599 1130 restituere
1627 1079 1705 1131 cunr
1732 1058 1901 1134 ell'eotu.“

212 1149 404 1252 Sepedieti
430 1164 547 1228 autem
574 1151 667 1228 dom.
696 1150 861 1228 cononici
887 1147 1122 1226 asserebant:
1157 1177 1239 1246 „ex
1265 1179 1334 1253 quo
1360 1155 1420 1231 bic
1447 1157 1539 1232 estis
1565 1181 1615 1232 ex
1640 1167 1744 1260 parte
1770 1157 1900 1236 domini

211 1253 325 1329 nostri
349 1255 602 1354 imperatoris?
653 1263 730 1330 Iste
756 1264 880 1329 noster
903 1264 963 1328 est
987 1251 1149 1330 dominus
1181 1281 1320 1357 nosque
1351 1259 1407 1332 sui
1440 1259 1665 1360 homagialcs
1692 1287 1814 1337 sumus
1839 1287 1901 1339 ra-

212 1357 318 1434 cione
343 1353 432 1433 dicti
457 1381 479 1432 o
503 1356 554 1434 idi
567 1359 632 1448 ¹).“
667 1357 841 1431 Dominus
866 1353 942 1430 dux
968 1355 1170 1458 respondite
1197 1361 1459 1452 „intromittatis
1485 1387 1542 1438 me
1566 1361 1616 1439 ad
1639 1375 1797 1440 vestram
1815 1391 1901 1468 par-

211 1469 282 1536 tem
308 1458 417 1561 opidi.
471 1385 515 1537 gi
540 1485 632 1534 uirus
657 1459 810 1534 famulus
836 1458 896 1534 vel
923 1483 994 1534 una
1019 1461 1124 1537 litera
1141 1464 1188 1537 ab
1205 1464 1418 1565 imperatore
1444 1467 1593 1560 venerit,
1619 1491 1814 1569 perquem
1840 1469 1901 1546 vel

211 1562 246 1638 in
272 1587 343 1662 qua
368 1562 474 1639 micbi
498 1562 721 1638 mandabitur
745 1561 932 1638 restitucio
958 1561 1047 1638 dieti
1073 1563 1171 1666 opidi
1196 1568 1300 1642 vobis
1327 1567 1516 1660 iacienda,
1545 1595 1616 1669 ego
1642 1572 1805 1674 promitto
1831 1595 1900 1646 vo-

213 1660 288 1758 bis,
322 1667 441 1740 statiru
468 1667 571 1742 exire
604 1677 641 1743 et
665 1667 781 1766 ipsum
807 1669 1017 1757 restituere,
1049 1669 1132 1765 qnia
1158 1693 1208 1746 ex
1233 1680 1337 1772 parte
1362 1695 1444 1748 mea
1469 1696 1537 1747 non
1564 1699 1641 1748 snm
1667 1674 1728 1750 hic
1754 1671 1824 1750 sed
1851 1697 1900 1753 ex

210 1779 315 1870 porte
340 1769 609 1868 imperatoris.“
662 1769 803 1844 Domini
830 1769 995 1844 canonici
1026 1771 1158 1870 prelati
1182 1767 1403 1873 protulerunt
1436 1775 1506 1850 bec
1531 1779 1663 1852 verba:
1717 1777 1901 1868 „Domino
2024 1807 2039 1817 ·

211 1872 399 1972 graciose!
433 1868 526 1948 dom.
561 1885 685 1948 noster
716 1873 928 1972 imperator,
963 1875 1070 1972 cujus
1102 1875 1327 1976 homagiales
1354 1903 1476 1952 sumus
1503 1879 1649 1955 racione
1676 1877 1763 1955 dicti
1791 1878 1900 1980 opidi,

211 1974 270 2051 cni
295 1972 451 2050 fideliter
476 1972 606 2051 sedule
632 1975 863 2064 servivimus,
898 1985 1024 2050 contra
1049 2001 1150 2075 qoem
1176 1980 1380 2055 nullatenus
1412 1981 1515 2056 nobis
1543 2005 1724 2082 opponere
1751 1981 1902 2084 expedit

211 2101 281 2154 neo
306 2075 494 2170 vellemus,
519 2079 673 2155 libenter
697 2076 790 2153 dom.
814 2077 1017 2178 imperatori
1042 2080 1077 2153 in
1103 2079 1175 2155 boc
1201 2082 1363 2160 volumus
1390 2083 1608 2184 conplaoere
1636 2097 1673 2160 et
1699 2083 1748 2160 ad
1774 2111 1900 2161 manus

211 2179 305 2254 dour.
332 2181 444 2254 nostri
469 2181 692 2282 imperatoris
721 2181 911 2280 capitaneo
937 2180 1311 2260 Wratislauienoi
1344 2197 1501 2262 nostram
1525 2199 1664 2308 partem
1690 2185 1778 2264 dicti
1804 2211 1825 2264 o
1850 2186 1901 2263 idi

211 2282 374 2356 volumus
400 2293 651 2384 presentare.“
702 2283 877 2358 Dominus
899 2307 988 2358 vero
1014 2282 1090 2358 dux
1116 2285 1319 2388 respondit:
1355 2315 1453 2390 „per
1478 2315 1630 2390 quinque
1658 2293 1800 2368 wluera
1825 2215 1898 2384 lei,

212 2386 424 2505 capitaneus
458 2399 517 2463 est
541 2392 619 2487 jam
650 2387 684 2461 in
718 2384 987 2508 G.¹⁰g⁰¹¹l⁸t·“
1053 2387 1159 2464 Tune
1191 2387 1321 2465 domini
1356 2393 1522 2468 canonici
1552 2395 1681 2470 iterato
1716 2393 1900 2471 dixeruntt

211 2489 976 2693 utlibettltffptlttttt
1002 2493 1901 2700 ”ttltlttttntttdt¹,‚ttttt⁰ttllt

211 2690 300 2768 date
324 2695 429 2770 miehi
447 2693 496 2770 ad
521 2719 647 2771 manns
674 2693 803 2770 domini
828 2694 1069 2795 imperatoris3
1096 2694 1389 2798 quandocumque
1406 2700 1597 2801 imperator
1615 2703 1768 2802 jubebit,
1794 2703 1901 2779 vobis

211 2819 292 2872 eam
317 2799 539 2872 restituens
591 2799 732 2874 Domini
757 2821 845 2872 vero
871 2797 1036 2874 canonici
1060 2795 1214 2898 predicti
1240 2802 1473 2877 asserebant:
1511 2806 1710 2902 „graciose
1737 2803 1900 2881 dominel

209 2899 423 3000 permittatis
448 2925 515 2976 nos
541 2899 591 2976 ad
617 2899 758 3001 opidum
784 2900 933 2992 intrare,
966 2911 1005 2974 ut
1036 2923 1115 2976 oum
1147 2899 1312 3002 opidanis
1344 2903 1528 3002 loquemur
1559 2918 1597 2980 et
1629 2908 1709 2981 siue
1741 2906 1824 2982 dolo
1851 2905 1900 2982 ad

210 3011 368 3077 vestrum
395 3013 629 3104 conspectum
654 3003 816 3077 volumus
839 3001 961 3076 'statim
986 2997 1210 3107 revenire.“¹
1241 3005 1329 3108 Dux
1356 3003 1558 3105 respondit:
1585 3007 1695 3105 „quid
1722 3009 1817 3107 loqui
1843 3009 1900 3082 in-

210 3101 357 3182 tenditis
383 3117 421 3179 nt
438 3105 623 3182 'audacter
648 3129 692 3182 se
718 3101 943 3180 defendant?
982 3105 1172 3181 Paucioris
1198 3104 1338 3205 quidem
1369 3107 1577 3184 municionis
1604 3111 1684 3184 sive
1711 3107 1900 3187 detensio-

210 3207 266 3282 nis
282 3205 445 3307 ‚aliquod
477 3207 619 3309 opidum
653 3208 688 3281 in
720 3217 797 3282 tota
821 3207 1014 3283 Polonia
1047 3203 1115 3284 non
1147 3210 1323 3310 repetitur
1354 3211 1458 3286 sicut
1480 3208 1579 3286 istud
1612 3209 1772 3312 opidum,
1816 3214 1901 3311 quia

211 3309 327 3411 ipsum
351 3309 554 3386 nullomodo
579 3310 741 3412 poteritis
768 3320 1027 3386 conservare.“
1074 3309 1205 3387 lterum
1232 3311 1362 3387 domiui
1388 3314 1553 3390 canonici
1578 3312 1753 3389 dominum
1771 3313 1899 3392 ducem

209 3414 422 3514 petiverunt,
450 3425 488 3488 ut
513 3413 633 3490 securi
658 3411 708 3488 ad
733 3412 848 3514 ipsum
874 3412 1016 3516 opidum
1041 3427 1194 3515 possent
1219 3439 1383 3492 remeare
1410 3426 1448 3493 et
1473 3417 1588 3493 eciam
1616 3441 1638 3492 o
1663 3416 1761 3492 idaui
1787 3442 1900 3495 secu·

210 3516 349 3592 ritatem
375 3519 481 3618 pacis
508 3541 621 3616 usqne
647 3514 832 3591 adortum
859 3513 933 3593 diei
966 3528 1121 3618 possent
1145 3518 1301 3611 baberet
1334 3519 1406 3597 boo
1432 3517 1594 3595 dominus
1621 3443 1696 3594 tllrx
1722 3519 1813 3621 ipsis
1841 3521 1900 3596 la·

209 3643 302 3694 vens
328 3629 366 3693 et
392 3619 448 3694 sio
474 3618 524 3693 ad
551 3615 692 3720 opidum
717 3629 953 3720 perrexerunt
977 3620 1095 3719 ibique
1121 3623 1392 3721 pernoctabunt.
1445 3623 1557 3700 lllane
1583 3647 1671 3699 vero
1698 3623 1815 3716 sacto,
1841 3625 1899 3698 vi·

210 3719 349 3798 delicet
373 3719 434 3796 die
459 3719 579 3796 XXV
603 3722 739 3832 mensis
763 3719 937 3823 predicti,
972 3722 1063 3798 horo
1087 3723 1199 3824 prima
1224 3724 1285 3800 vel
1312 3725 1432 3826 qnasi,
1466 3724 1596 3801 domini
1621 3725 1787 3804 canonici
1813 3749 1898 3826 pre·
1915 3713 2061 3840 „¹522”

209 3821 298 3900 dicti
311 3821 359 3898 a'd
377 3821 550 3898 dominum
569 3822 699 3900 docem
714 3824 844 3902 iterato
861 3837 1101 3904 accesserunt
1118 3837 1155 3902 et
1172 3825 1221 3902 od
1239 3852 1318 3903 eum
1345 3826 1394 3903 de
1420 3825 1518 3906 dicto
1544 3826 1652 3928 opido
1677 3828 1898 3906 Grotltow
1951 3823 1958 3842 ⁸
2062 3824 2069 3840 '

209 3927 298 4003 talia
313 3928 428 4003 verbe
470 3925 681 4003 rotulenrnt:
708 3929 904 4026 „graciose
922 3927 1081 4004 domine!
1106 3929 1231 4004 iterum
1251 3927 1300 4004 ad
1314 3930 1474 4028 muciam
1488 3943 1644 4007 vestram
1658 3931 1898 4030 pervenimus,

210 4041 348 4106 attento
374 3953 494 4104 studio
520 4039 711 4129 rogantes,
738 4041 914 4130 qnatenus
939 4041 1097 4108 vestram
1124 4031 1285 4128 greciam
1311 4032 1415 4106 uobis
1437 4031 1558 4108 velitis
1583 4033 1752 4134 inpertire
1775 4043 1813 4108 et
1832 4055 1899 4108 nos

201 4155 289 4210 -emu
315 4142 439 4210 vestro
466 4133 629 4212 exercitu
657 4155 725 4206 nou
751 4133 947 4209 molestare
973 4144 1011 4210 et
1035 4157 1060 4208 a
1083 4132 1167 4209 loco
1192 4131 1371 4210 recedere
1395 4136 1530 4210 curetis
1550 4159 1627 4210 oum
1644 4145 1769 4210 vestro
1787 4157 1899 4210 exer-

210 4235 283 4312 citu
309 4234 554 4336 supradicto.“
586 4235 761 4310 Dominus
786 4233 863 4310 dux
888 4233 1090 4336 respondit:
1117 4259 1207 4337 „per
1232 4237 1434 4335 sagvvincm
1459 4233 1537 4313 deit
1564 4261 1632 4312 non
1658 4235 1789 4329 audeo,
1817 4235 1900 4336 qnia

209 4339 400 4438 imperator
424 4338 495 4416 boc
522 4338 647 4414 locere
673 4336 777 4432 unichi
804 4339 1012 4438 precepit;“
1046 4335 1109 4412 Ad
1135 4335 1231 4438 quod
1255 4336 1385 4414 domini
1412 4340 1577 4416 canonici
1603 4337 1786 4416 dixerunt:
1817 4339 1899 4430 „tua

211 4441 298 4518 clite
316 4439 473 4516 domiuel
500 4465 579 4516 com
596 4465 665 4515 vos
691 4437 824 4532 dicitis,
851 4439 947 4540 quod
972 4438 1135 4516 dontinus
1159 4441 1205 4514 im
1231 4451 1351 4518 erator
1367 4465 1435 4517 vos
1452 4440 1617 4563 idipsum
1638 4441 1805 4542 jusserit,
1832 4463 1899 4516 nos

210 4567 333 4618 summ
364 4541 495 4616 donini
528 4543 640 4618 nostri
670 4542 894 4642 imperatoris
926 4541 1096 4619 leodales
1130 4553 1168 4619 et
1219 4544 1281 4620 'cti
1314 4539 1411 4645 opidi
1436 4542 1590 4621 mediam
1617 4555 1753 4644 partem
1780 4545 1826 4620 ab
1854 4563 1899 4618 eo

209 4655 373 4722 tenemus
397 4645 433 4718 in
459 4642 604 4720 seudum
631 4653 668 4720 et
692 4645 845 4722 libenter
869 4645 1155 4748 presentabimus
1180 4656 1318 4747 partem
1335 4656 1493 4724 nostram
1510 4645 1598 4724 dicti
1623 4644 1721 4748 opidi
1747 4642 1797 4721 ad
1821 4663 1899 4720 ma·

210 4771 282 4842 uus¹
305 4745 436 4858 domini
460 4747 580 4821 nostri
605 4747 830 4858 imperatoris
858 4803 867 4822 .
896 4804 905 4822 .
940 4748 1132 4850 capitaneo
1166 4749 1226 4825 rel
1260 4749 1468 4854 consulibus
1493 4747 1900 4825 Wratislauiensi·
2019 4836 2055 4846 Η

255 4967 290 5048 1)
316 4952 493 5031 Πιὶ.ἰοιιι
513 4961 566 5028 2³.
588 4961 769 5030 November
791 4964 891 5045 1³44,
911 4964 952 5030 N.
974 4951 1092 5031 CCCD
1129 4951 1132 4958 ’
1612 5067 1654 5134 41
