4594 5774
410 501 487 580 Md
1041 499 1252 574 Urbanos.
1307 497 1437 572 0ch
1436 499 1469 573 1.
1619 613 1633 630 ·

410 701 795 783 Wratislanionsi
828 699 996 780 seualle
1020 703 1187 780 ecclesia
1211 702 1429 804 parrochiali
1445 699 1620 803 ejusdem
1652 701 1810 778 civitatis
1837 699 1898 778 rel
1921 696 2099 802 dyonen's

412 809 473 887 die
509 807 683 886 dominico
722 803 784 884 vel
815 806 949 883 festivo
981 804 1123 907 qnando
1160 807 1195 882 iu
1229 831 1349 883 eornm
1387 805 1608 908 sollempniis
1639 803 1759 882 aderit
1789 804 2099 906 parrochianum

411 914 528 1017 ipsios
553 912 714 990 ecclesie
740 907 923 986 multitudo
958 911 1102 1012 publice
1127 911 1259 987 lectrrm
1290 911 1524 988 recitatnmre
1558 921 1596 988 et
1629 909 1832 1011 expositu·
1864 908 1987 1000 luerit,
2020 907 2100 1088 ἴς

413 1041 572 1118 scopum,
600 1015 789 1116 capitrlum
815 1025 855 1090 et
879 1015 1077 1092 ecclesiam
1103 1026 1281 1115 totumque
1299 1015 1432 1093 clerum
1458 1015 1664 1114 religiosum
1690 1025 1729 1090 et
1745 1013 1948 1090 secularem
1970 1011 2008 1086 in

414 1121 527 1212 cinis,
554 1119 776 1212 civitatibus,
802 1117 919 1210 villis,
946 1120 1262 1220 possessionibus,
1290 1116 1446 1220 prediis,
1466 1119 1622 1219 juribus,
1649 1117 1767 1208 terris,
1793 1115 1909 1208 silvis,
1936 1116 2099 1209 monem,

413 1225 578 1316 teloneis,
598 1221 768 1320 judiciis,
795 1223 1019 1298 libertatibus
1045 1235 1083 1299 et
1102 1223 1244 1323 juribus
1270 1223 1339 1298 sibi
1366 1221 1463 1298 datis
1491 1233 1529 1299 ot
1552 1221 1792 1324 privilegiatis
1809 1221 2014 1320 ceterisque
2039 1243 2100 1296 ar·

413 1327 533 1406 ticolis
566 1337 604 1402 et
636 1327 778 1427 juribus
812 1350 1022 1426 quocunque
1055 1328 1194 1403 nomine
1234 1327 1295 1403 vel
1330 1326 1567 1426 qualicunque
1600 1337 1845 1426 noncupentur
1876 1324 2102 1423 aliquatenus

413 1457 481 1508 non
505 1431 674 1508 molestet
697 1455 767 1508 nec
792 1431 991 1530 perturbet,
1024 1455 1090 1532 per
1116 1456 1160 1507 se
1186 1431 1245 1507 vel
1279 1455 1346 1533 per
1371 1455 1478 1522 suos,
1509 1429 1653 1532 publice
1677 1429 1737 1506 vel
1763 1429 1902 1520 occlto,
1936 1427 2101 1530 qninymo

412 1537 514 1638 ipsos
539 1536 585 1610 ab
612 1535 694 1610 abis
719 1533 1008 1610 molestatoribus
1036 1545 1073 1610 et
1097 1535 1401 1636 perturbatoribus
1433 1534 1627 1636 potestatis
1659 1557 1728 1609 sne
1754 1531 1902 1610 brachio
1935 1541 2103 1632 protegat

413 1651 451 1716 et
475 1635 661 1716 defendat
721 1639 770 1715 Ut
794 1648 913 1714 autem
939 1639 1116 1714 arbitrium
1142 1651 1301 1714 nostrum
1324 1639 1578 1714 inconcussum
1602 1647 1811 1738 permaneat
1843 1650 1881 1712 et
1903 1635 2101 1734 irrefraga-

411 1742 530 1820 biliter
550 1745 762 1819 observetur
786 1767 833 1820 ac
859 1741 995 1820 sorcius
1021 1769 1087 1844 per
1111 1753 1236 1845 partes
1263 1753 1437 1834 teneatur,
1464 1743 1570 1844 penis
1595 1741 1784 1842 premissis
1799 1737 2006 1816 radendum
2030 1735 2100 1814 dn·

412 1847 529 1922 ximus
568 1857 605 1922 et
641 1844 881 1948 infrascriptis
914 1848 1074 1949 presenti
1113 1847 1257 1922 arbitrio
1293 1845 1511 1922 diffinientes
1543 1845 1751 1937 statuimus,
1788 1843 1884 1945 qnod
1917 1843 1950 1920 si
1983 1842 2102 1943 aliqua

413 1951 571 2053 parcium
598 1959 724 2026 contra
748 1950 927 2052 premissa
952 1951 1011 2028 vel
1038 1949 1184 2050 aliquod
1209 1951 1460 2054 premissorum
1482 1959 1544 2026 ant
1560 1949 1709 2026 inferius
1726 1949 2018 2048 subscriptorum,
2044 1945 2102 2022 di·

412 2067 514 2134 recte
539 2055 600 2130 vel
624 2051 802 2131 indirecte
827 2055 983 2147 venerit,
1018 2053 1129 2132 cadat
1154 2057 1200 2132 ab
1227 2056 1319 2132 omni
1338 2059 1442 2155 jure,
1477 2079 1546 2154 qno
1567 2059 1653 2154 jore
1682 2077 1825 2130 exnunc
1857 2076 1923 2154 per
1954 2074 2023 2128 nos
2055 2051 2103 2126 stt

412 2160 565 2260 privata,
593 2159 625 2234 si
652 2157 747 2259 qnod
772 2159 894 2252 babet,
920 2158 978 2235 vel
1006 2158 1143 2236 babere
1169 2183 1213 2236 se
1240 2157 1423 2236 contendit
1448 2159 1482 2233 iu
1500 2158 1700 2260 premissis,
1726 2157 1787 2234 rel
1812 2157 1848 2232 in
1871 2155 1993 2256 aliquo
2017 2179 2102 2257 pre-

413 2264 611 2338 missorum.
665 2260 840 2342 Predicta
871 2287 1012 2364 quoque
1046 2263 1163 2338 omnia
1188 2273 1226 2338 et
1251 2263 1394 2362 singula
1418 2262 1635 2363 precipimus
1669 2263 1715 2336 ab
1740 2259 1834 2362 ipsis
1859 2261 2022 2362 partibus
2046 2259 2102 2335 in·

413 2367 628 2444 violabiliter
657 2377 695 2443 et
719 2367 1015 2466 irrefragabiliter
1039 2367 1155 2444 teneri
1188 2391 1235 2444 ac
1262 2366 1449 2442 observari
1475 2364 1613 2442 debere
1646 2367 1714 2440 snb
1739 2389 1836 2466 pena
1860 2363 2102 2440 excommnni-

415 2471 589 2564 caoionis,
616 2497 719 2571 quam
745 2495 888 2548 annno
912 2481 1016 2572 prout
1041 2481 1176 2548 extunc
1201 2471 1235 2546 in
1262 2472 1377 2572 ipsum
1403 2467 1496 2544 dom.
1525 2469 1733 2570 episcopum
1760 2481 1799 2546 et
1823 2466 1953 2544 ducem
1978 2465 2102 2570 predi-

415 2586 508 2665 ctos,
534 2574 570 2648 in
598 2575 788 2674 capitulum
805 2599 893 2651 vero
918 2575 1168 2676 suspensionis
1194 2576 1240 2650 ab
1266 2576 1433 2674 ingressu
1452 2573 1627 2666 ecclesie,
1653 2583 1837 2675 potestate
1858 2570 2104 2673 compromissi

415 2687 455 2754 et
479 2677 727 2752 submissionis
752 2676 927 2779 predicte,
953 2678 1166 2780 proferimus
1191 2679 1227 2754 in
1254 2678 1323 2753 biis
1351 2678 1509 2778 scriptis,
1536 2677 1581 2768 si,
1608 2675 1704 2777 quod
1730 2677 1837 2770 absit,
1862 2677 1933 2777 ipsi
1949 2675 2011 2752 vel
2035 2697 2103 2752 eo·

415 2805 490 2855 ιιιιιι
516 2781 624 2881 aliqui
654 2781 715 2858 vel
749 2782 877 2882 aliquis
904 2795 1029 2860 contra
1054 2780 1258 2882 hujusmodi
1282 2793 1439 2856 nostmrm
1464 2782 1655 2874 arbitrium,
1680 2777 1836 2874 laudern,
1864 2780 2101 2881 composicio-r

416 2909 508 2976 nem,
541 2885 846 2975 reformacionem
883 2884 1067 2962 decretam
1093 2899 1201 2985 atque
1233 2883 1434 2962 mandatum
1467 2884 1622 2962 iecerint
1653 2909 1720 2962 seu
1752 2883 1915 2962 venerint
1939 2893 1999 2959 aut
2030 2905 2101 2958 non

416 2990 653 3081 servaverint,
681 2991 810 3088 quein
836 2989 906 3066 boc
933 3001 1054 3066 rrostro
1081 2991 1225 3066 arbitrio
1252 2989 1485 3082 continentur,
1512 3013 1650 3070 necnon
1678 3001 1716 3066 et
1740 2995 1808 3064 aab
1831 3017 1933 3087 pena
1959 3001 2104 3062 centum

416 3121 630 3168 marcarum
664 3101 750 3168 anri
781 3094 817 3168 iu
851 3092 1011 3195 pondere
1037 3093 1434 3186 Wratislauiensi,
1467 3117 1538 3194 que
1572 3118 1667 3196 pena
1698 3094 1838 3170 tociens
1871 3092 2106 3168 committatur

416 3221 462 3272 ae
488 3198 562 3298 peti
588 3205 626 3272 et
651 3197 752 3294 exigi
777 3195 901 3276 valeat
926 3196 1127 3274 efficaciter
1158 3197 1368 3298 apartibus
1401 3222 1467 3273 seu
1500 3213 1603 3298 parte
1635 3205 1673 3273 et
1698 3197 1894 3273 Romana
1925 3194 2102 3288 ecclesia,

417 3301 593 3399 quociens
618 3301 665 3374 ab
691 3299 862 3376 alterutra
888 3325 953 3376 seu
981 3300 1098 3376 altera
1121 3302 1280 3402 parcium
1307 3312 1432 3378 contm
1458 3301 1591 3378 lactum
1617 3301 1724 3376 lrrerit
1749 3301 1829 3378 sire
1855 3311 2009 3390 rentum,
2037 3321 2104 3376 cn-

412 3406 478 3500 jus
503 3427 597 3501 pene
622 3401 801 3478 medietas
828 3404 990 3479 ecclesie
1008 3404 1222 3494 Romane,
1249 3405 1393 3505 aliaque
1418 3401 1596 3482 medietas
1622 3406 1714 3505 parti
1740 3406 1902 3481 servanti
1927 3403 2105 3480 arbitrium

418 3500 529 3578 cedat
561 3513 600 3578 et
624 3528 690 3602 per
713 3506 828 3604 ipsam
862 3506 1058 3582 ecclesiam
1091 3531 1155 3606 pro
1188 3505 1288 3584 dicta
1321 3507 1517 3586 medietate
1548 3534 1573 3586 a
1597 3520 1700 3610 parte
1731 3533 1800 3584 nou
1831 3519 2004 3586 servante
2035 3531 2103 3586 sen

335 3631 338 3638 ’
419 3607 534 3705 ipsum
560 3606 736 3680 arbitrium
763 3607 921 3684 violente
947 3609 1021 3708 peti
1048 3621 1086 3684 et
1111 3610 1211 3709 exigi
1236 3611 1360 3688 valeat
1385 3637 1464 3689 cum
1490 3613 1635 3690 ellectu.
1696 3612 1779 3702 Qua
1802 3637 1898 3715 pena
1922 3612 2043 3688 soluta
2067 3621 2106 3688 ot

418 3731 487 3782 non
522 3707 659 3800 soluta,
694 3711 872 3816 arbitrium
906 3710 1133 3811 sepefatum
1159 3713 1322 3790 volomus
1348 3717 1462 3814 (sic),
1498 3717 1596 3792 utin
1622 3741 1692 3792 sua
1716 3717 1878 3793 firmitate
1904 3713 1955 3792 ad
1981 3739 2105 3794 omnes

420 3835 510 3888 snas
536 3811 720 3888 clausulas
749 3827 793 3888 et
819 3813 989 3892 articulos
1015 3815 1158 3892 finniter
1183 3827 1221 3894 et
1244 3818 1463 3895 inconcusse
1490 3818 1660 3920 perduret
1693 3831 1730 3896 et
1755 3823 1801 3897 ab
1827 3821 1838 3896 i
1865 3821 1919 3895 sis
1944 3821 2105 3921 pathus

418 3914 702 3992 irrevocabiliter
727 3919 955 4010 observetur,
989 3932 1180 3998 reservata
1209 3922 1312 3996 nobis
1345 3921 1591 4000 nichilominus
1616 3935 1799 4026 potestate
1829 3847 1863 4000 d

418 4018 676 4121 interpretandi
703 4046 812 4122 super
837 4019 1031 4124 predictis,
1066 4025 1266 4126 ubicunque
1291 4037 1329 4103 et
1353 4025 1636 4129 quandocunque
1662 4053 1773 4130 super
1795 4029 1887 4131 ipsis
1916 4028 1978 4105 rel
2003 4028 2105 4130 ipso·

418 4150 494 4200 mm
520 4124 637 4224 aliquo
662 4124 771 4202 luerit
796 4137 1001 4228 oportunum
1036 4139 1074 4204 et
1099 4131 1228 4206 eciam·
1242 4128 1531 4208 declaracionem
1562 4135 1643 4210 sive
1675 4132 2009 4235 interpretaciouem
2038 4155 2105 4210 so-

420 4227 489 4306 mel
516 4240 554 4305 et
578 4228 715 4330 pluries
740 4229 1007 4332 pronunciandi.
1042 4229 1084 4306 ln
1110 4258 1253 4332 qnorum
1279 4239 1427 4312 omnium
1451 4237 1688 4314 testimonium
1713 4247 1751 4313 et
1774 4234 1998 4314 evidenciam
2022 4235 2104 4339 ple·

418 4332 553 4409 niorem
584 4345 810 4409 memoratum
844 4346 1001 4411 nostrum
1033 4335 1210 4414 arbitrium
1242 4338 1323 4416 sive
1356 4339 1499 4416 laudum
1531 4341 1684 4419 lecimus
1719 4341 1830 4416 nostri
1855 4340 1967 4440 sigilli
1991 4340 2104 4416 muni·

420 4435 513 4512 mine
533 4437 703 4512 roborari.
747 4439 878 4513 Latum
904 4451 941 4516 et
965 4439 1181 4542 publicatum
1207 4455 1266 4518 est
1289 4467 1356 4544 per
1380 4469 1449 4520 uos
1467 4445 1503 4520 in
1531 4455 1653 4520 castro
1668 4441 1995 4537 Croconiensi,
2021 4441 2104 4520 idn

421 4539 515 4638 (sio)
524 4541 673 4640 Aprilis,
700 4543 767 4616 nub
791 4567 883 4618 arruo
908 4541 1037 4620 domiui
1054 4544 1167 4626 Moe
1192 4547 1424 4645 nonagesimo
1450 4557 1569 4638 sexto,
1595 4549 1824 4647 presentibus
1849 4545 2001 4624 dominis
2019 4547 2103 4624 tti-

422 4642 585 4720 ebaele
611 4657 777 4738 cantore,
811 4646 946 4722 Petro
978 4647 1149 4742 custode,
1181 4647 1636 4748 magistro'llraucisco
1663 4651 1900 4745 cancellario,
1933 4653 2104 4752 magistro

422 4743 579 4838 Adam,
607 4745 802 4848 Gyslero
829 4751 1014 4828 canonicis
1041 4750 1438 4842 Cracouiensibus,
1467 4749 1697 4831 Sadealao
1723 4753 2102 4860 archidyaconalia-

423 4847 591 4942 bleusi,
615 4851 824 4929 Johanne
850 4863 973 4930 nostro
998 4867 1229 4956 procuratore
1255 4854 1578 4948 Cracouieusi,
1604 4858 1878 4955 llrizcccne,
1903 4860 2102 4937 llenrico

1856 3921 2043 4001 eclaraudi
2068 3935 2107 4000 et

423 4961 547 5030 nostre
572 4955 672 5031 curie
697 4955 897 5058 capellanis
923 4969 961 5034 et
984 4957 1067 5036 aliis
1091 4959 1354 5060 quampluribus
1378 4957 1452 5038 fide
1477 4958 1609 5062 dignis.
