4660 5762
835 508 1048 584 namnum
1102 507 1202 580 ων.
1234 509 1358 611 cunr.
1865 513 1941 592 noo

246 720 389 802 uentos,
416 719 454 786 nt
480 707 684 811 sepedicto
710 709 796 788 duci
820 735 890 788 nou
917 711 1143 812 participent,
1171 733 1287 812 ymmo
1313 735 1358 790 se
1383 735 1408 786 a
1433 735 1502 788 soa
1528 713 1769 791 commuuione
1794 717 1940 796 subtra-

247 815 351 904 bant,
379 812 544 912 quamdiu
570 816 605 888 in
633 814 1009 892 excommunicacione
1034 814 1288 914 permanserit,
1323 825 1362 890 nt
1387 825 1568 906 tenentum,
1595 817 1843 916 significantes
1870 821 1938 914 eis,

246 914 360 1018 qood,
394 928 560 1016 quantum
591 918 628 992 in
660 918 764 992 vobis
792 928 868 1010 est,
901 918 1083 994 sustinere
1109 941 1177 992 non
1210 917 1374 1018 poteritis
1401 929 1437 994 et
1464 918 1571 994 talem
1598 931 1833 1022 contemptum
1859 924 1939 1002 cla-

176 1118 178 1127 Ι
247 1021 339 1098 vium
372 1020 535 1098 ecclesie
568 1045 637 1096 vos
671 1021 847 1122 oportebit
878 1018 961 1098 sedi
992 1019 1198 1121 apostolice
1228 1021 1402 1098 iutimare.
1480 1022 1659 1098 Preterea
1683 1023 1845 1102 volumus
1871 1051 1939 1106 vos

156 1169 163 1182 ·
246 1149 315 1202 oon
342 1124 523 1222 ignorare,
549 1119 644 1223 qnod
671 1149 695 1198 a
721 1125 1011 1223 procuratoribus
1037 1123 1171 1200 nostris
1189 1121 1238 1200 de
1262 1125 1466 1202 llomaua·
1486 1126 1587 1202 curia
1611 1127 1814 1227 recepimus
1840 1130 1938 1208 litte·

158 1281 167 1307 ,
247 1251 322 1320 ras,
348 1227 385 1302 in
410 1228 537 1326 quibus
562 1228 667 1302 nobis
692 1227 951 1326 sgruficamm,
978 1225 1073 1326 quod
1099 1228 1136 1302 in
1162 1225 1291 1330 eadem
1318 1228 1419 1304 ouria
1436 1229 1529 1304 bene
1545 1227 1713 1328 procedit
1730 1240 1854 1308 nosue
1871 1259 1938 1310 ue·

247 1331 390 1430 ςοοίιιιιι
415 1329 597 1422 ecclesie,
626 1327 695 1406 sed
722 1330 791 1406 hoc
818 1331 932 1406 solnm
960 1342 1188 1430 expectatur,
1215 1341 1254 1406 ut
1277 1355 1343 1432 per
1369 1355 1437 1408 vos
1464 1333 1589 1408 ambos
1616 1329 1665 1408 de
1691 1335 1846 1432 negocio
1872 1361 1938 1414 ec-

247 1433 364 1512 clesie
389 1445 512 1510 nostre
538 1431 621 1509 sedi
646 1433 849 1533 apostolice
874 1433 1103 1512 rescribatur.
1147 1433 1270 1525 Quare
1296 1445 1442 1536 propter
1467 1432 1573 1512 deum
1598 1459 1667 1512 vos
1693 1460 1874 1536 rogamus,
1902 1452 1939 1516 ut

248 1537 384 1637 utrique
410 1547 568 1612 vestrum
594 1536 742 1636 placeat
768 1537 931 1636 cogitare
958 1535 1006 1612 de
1033 1536 1202 1615 modoet
1233 1537 1363 1630 soma,
1396 1537 1480 1638 qnid
1507 1541 1555 1614 sit
1580 1537 1778 1616 secundum
1805 1542 1938 1618 utilita-

246 1655 316 1718 tem
343 1641 507 1718 ecclesie
532 1651 655 1737 nostre
681 1641 750 1739 ipsi
776 1639 1049 1740 significandum
1082 1639 1164 1718 sedi
1199 1654 1236 1718 et
1266 1639 1454 1720 intendere
1485 1643 1619 1734 ecim,
1653 1641 1749 1742 qnod
1774 1645 1854 1720 sine
1881 1643 1938 1719 di·

246 1744 401 1836 lacione,
428 1769 506 1844 cnm
533 1743 730 1844 periculum
754 1745 942 1818 maximum
968 1743 1016 1818 rit
1041 1745 1076 1818 in
1103 1769 1212 1836 mora,
1243 1745 1420 1845 prelibote
1446 1744 1528 1822 sedi
1556 1771 1666 1846 super
1691 1745 1790 1824 facto
1816 1758 1939 1826 nostre

247 1847 410 1928 ecclesie
436 1847 658 1924 rescribatis.
712 1847 843 1933 Datum
871 1847 1102 1940 llathibor,
1129 1846 1198 1924 XI.
1225 1845 1375 1926 kalend.
1404 1849 1631 1926 Decembris.

350 2254 428 2334 Sub
453 2257 528 2332 ista
553 2256 666 2332 lorum
691 2254 871 2334 debebant
897 2265 1117 2332 executores
1150 2255 1312 2334 scribere
1339 2255 1479 2334 domiuo
1507 2283 1620 2359 pape,
1656 2257 1726 2336 sed
1749 2271 1937 2360 autequam
2000 2289 2006 2308 ·
2069 2321 2075 2335 .

248 2359 420 2459 magister
444 2360 611 2436 Petrus
637 2360 802 2436 venisset
827 2358 876 2436 ad
902 2360 1005 2460 ipsos
1032 2383 1110 2436 cum
1138 2357 1267 2434 eodem
1293 2359 1419 2452 torua,
1446 2361 1518 2461 ipsi
1543 2362 1649 2436 aliam
1676 2363 1822 2438 formam
1848 2388 1938 2440 cou-

246 2475 420 2564 ceperaut
445 2467 579 2560 etjam
604 2463 724 2540 littera
749 2463 887 2563 scripto
913 2474 992 2540 erat
1018 2459 1111 2538 dom.
1140 2487 1255 2562 pape,
1289 2468 1397 2564 cnjus
1426 2465 1542 2540 eciam
1574 2477 1676 2542 tenor
1702 2465 1854 2546 babetur
1879 2466 1938 2546 bic

247 2576 331 2667 post
356 2567 461 2642 istam
486 2565 650 2643 sunnam:

350 2667 566 2744 Saructitatis
592 2679 715 2746 vestre
743 2669 956 2766 benigrdtas,
984 2691 1053 2766 qne
1079 2666 1296 2744 universalis
1324 2667 1488 2746 ecclesie
1505 2693 1575 2769 per·
1588 2680 1695 2744 totum
1718 2672 1838 2746 orbem
1865 2669 1938 2746 dis-

248 2773 331 2848 lnse
364 2770 639 2848 sollicitudinem
666 2773 758 2872 piam
787 2771 900 2872 gerit,
936 2771 1064 2846 volens
1096 2770 1292 2846 ecclesiam
1319 2771 1752 2850 Wratinlauiensem
1779 2772 1827 2850 de
1844 2799 1939 2952 pro·

246 2875 367 2952 vinda
392 2875 576 2950 Polooie
607 2900 674 2976 per
706 2875 858 2952 nobilem
891 2874 1001 2950 virum
1034 2872 1127 2950 dom.
1154 2874 1395 2952 Heoricum
1428 2873 1557 2952 ducem
1584 2861 1743 2954 Slezie
1776 2889 1813 2954 et
1870 2901 1937 2952 om.

248 2979 383 3074 Wrat
413 3003 624 3079 oppressam
657 2978 907 3086 miserabiliter
941 2988 978 3054 et
1003 2979 1214 3054 subversam
1246 2977 1388 3078 penitus
1415 3004 1439 3052 a
1464 2980 1543 3054 suis
1569 2981 1813 3054 anxietatibus
1840 2979 1938 3056 rele-

176 3103 185 3116 ·
248 3103 355 3172 vare,
387 3077 539 3180 dignata
569 3093 628 3156 est
653 3082 755 3158 uobis
782 3079 967 3158 destinare
1000 3080 1141 3158 litteras
1173 3080 1398 3180 apostolicas
1432 3079 1635 3180 hujusmodi
1662 3084 1794 3158 seriem
1821 3083 1938 3158 conti-

248 3195 393 3260 nentes:
444 3185 673 3260 Honorius
700 3195 771 3262 etc.
801 3195 973 3284 utsupra
999 3185 1067 3279 (N.
1094 3181 1233 3282 CCll).
1277 3183 1362 3260 Nos
1387 3183 1494 3280 igitur
1520 3207 1599 3260 cum
1625 3185 1717 3260 omrri
1742 3183 1938 3260 bumilitate

249 3297 418 3364 amantes
443 3289 627 3388 preceptis
655 3301 692 3364 et
717 3286 896 3364 mandatis
922 3285 1071 3364 obedire
1097 3285 1310 3388 apostolicis
1335 3298 1555 3378 reverenter,
1588 3297 1625 3364 et
1649 3287 1737 3368 licet
1762 3287 1939 3364 sciremus

248 3415 313 3492 pro
338 3391 454 3481 firmo,
486 3389 582 3490 qrrod
609 3392 794 3492 premissis
821 3391 958 3468 veritas
984 3391 1212 3489 suffragatur,
1240 3391 1323 3489 qnia
1347 3401 1418 3466 tam
1446 3391 1549 3466 nobis
1574 3415 1677 3489 quam
1703 3391 1864 3466 omuibus
1891 3387 1939 3468 de

249 3505 326 3570 tota
350 3495 536 3595 provincia
560 3495 803 3586 Polonico,
834 3507 909 3570 tam
936 3494 1083 3572 clericis
1109 3518 1212 3592 qurum
1237 3493 1377 3594 laycis,
1414 3491 1640 3572 secularibus
1677 3506 1714 3570 et
1746 3493 1940 3593 religiosis,

249 3595 364 3699 ipsius
396 3593 502 3676 ducis
535 3599 744 3696 gravornina
775 3623 846 3697 que
877 3597 992 3672 iutulit
1026 3609 1062 3674 et
1095 3596 1215 3674 adhuc
1249 3595 1396 3674 cottidie
1432 3597 1565 3674 inferre
1596 3622 1665 3672 nou
1698 3609 1827 3674 cesset
1860 3597 1939 3698 epi·

252 3724 380 3802 scopo,
407 3701 576 3802 capitulo,
605 3702 762 3794 clericis,
790 3715 861 3778 tam
887 3701 1113 3778 secularibus
1139 3725 1243 3800 qnam
1269 3701 1463 3800 religiosis,
1487 3703 1522 3776 in
1549 3701 1846 3802 possessionibus
1873 3723 1939 3778 ca·

251 3816 417 3898 strorum,
445 3804 645 3897 civitatum,
674 3805 877 3904 burgorum,
905 3805 1165 3896 suburbiorum,
1192 3804 1365 3898 villarum,
1393 3803 1609 3880 decimarum
1635 3829 1681 3879 ac
1707 3803 1854 3879 aliorum
1874 3807 1939 3902 ju-

251 3909 338 3984 rium
363 3909 399 3984 in
424 3905 579 4008 predicti
606 3905 711 3984 dulcis
738 3905 889 3984 dominio
916 3909 1206 3998 consistencium,
1238 3905 1333 3982 adeo
1360 3917 1486 3984 essent
1510 3907 1702 3982 manifesta
1728 3919 1765 3982 et
1791 3905 1939 3997 notoria,

251 4007 347 4111 quod
372 4009 458 4086 nulli
481 4011 696 4089 inliciacioui
723 4023 784 4084 aut
809 4011 1108 4108 tergiversacioui
1135 4011 1277 4109 penitus
1308 4009 1413 4084 locus
1446 4021 1566 4102 esset,
1600 4011 1696 4086 sient
1728 4009 1843 4086 eciam
1869 4007 1940 4082 hoc

251 4115 367 4216 ipsum
394 4125 464 4190 tam
491 4111 619 4190 domini
646 4113 810 4214 episcopi
836 4139 939 4213 quam
966 4115 1233 4202 canonicorum,
1260 4109 1529 4187 Predieatorum
1558 4123 1595 4188 et
1620 4112 1767 4186 aliorum
1791 4110 1941 4208 religio-

253 4243 372 4294 sorum
397 4240 535 4294 necnon
563 4232 600 4294 et
627 4217 840 4294 secularium
868 4215 1076 4294 clericorum
1102 4215 1317 4316 prelatorum
1344 4215 1569 4316 episcopiet
1595 4215 1742 4314 capituli
1768 4237 1847 4288 cnm
1870 4210 1940 4288 de·
2082 4285 2085 4292 ,

254 4321 328 4398 bita
360 4319 576 4398 obediencie
606 4321 816 4397 sentencias
848 4317 1121 4396 observancium
1154 4322 1351 4416 ejectorum
1378 4316 1426 4394 de
1451 4317 1567 4416 ipsius
1593 4313 1698 4392 ducis
1725 4313 1877 4390 dominio
1904 4326 1942 4392 et

252 4449 318 4524 per
342 4424 458 4525 iprum
485 4425 630 4502 exilium
655 4423 860 4500 miserabile
887 4421 1111 4512 manifestat,
1145 4419 1390 4498 nichilominus
1415 4431 1532 4496 tamen
1561 4444 1610 4496 ex
1635 4415 1853 4494 habundanti
1878 4441 1940 4494 re·

252 4527 419 4627 ligium
443 4525 555 4602 virtum
581 4529 746 4604 abbatem
773 4525 821 4602 de
838 4525 985 4600 hubin
1010 4522 1146 4600 ordinis
1172 4551 1203 4598 s.
1228 4521 1418 4601 Benedicti
1445 4521 1493 4598 ad
1519 4524 1695 4624 prefatum
1719 4519 1849 4598 dulcem
1874 4521 1941 4596 nni·

253 4632 385 4720 simus,
421 4654 486 4730 per
518 4655 621 4730 quem
649 4633 765 4731 ipsum
798 4627 1012 4706 auctoritate
1044 4624 1285 4729 predictarum
1309 4627 1503 4703 litteromm
1528 4626 1733 4725 rogavimus
1758 4648 1804 4700 ac
1830 4623 1941 4722 legit·

252 4735 337 4812 time
362 4735 573 4826 oronnimn's,
599 4743 638 4808 ut
663 4732 848 4835 predictos
874 4731 1048 4808 dommum
1075 4731 1301 4832 episcopum,
1329 4731 1538 4821 canonicos,
1564 4728 1758 4827 religiosos
1785 4737 1823 4803 et
1847 4727 1942 4803 alios
2052 4743 2057 4765 ²

253 4837 411 4914 clericos
438 4835 488 4914 ad
513 4861 582 4912 sna
606 4837 691 4914 loca
717 4847 755 4912 et
781 4835 966 4915 ecclesias
991 4845 1195 4927 revocaret,
1222 4831 1403 4933 condigna
1427 4831 1688 4909 satisfaccione
1713 4831 1866 4932 preso‘to
1891 4827 1941 4907 de

253 4939 386 5020 ablatis
413 4950 450 5018 et
477 4937 571 5040 quod
597 4935 774 5040 deinceps
800 4938 999 5018 ecclesiam
1024 4935 1211 5016 desineret
1236 4936 1445 5028 molestare,
1479 4933 1618 5012 domum
1645 4959 1735 5010 unos
1761 4957 1811 5012 ex
1836 4933 1940 5010 noun

668 5046 671 5062 ‘
1639 5051 1682 5116 27
