4594 5774
277 507 284 516 '
410 485 487 564 Μ
1045 483 1256 556 Urbuadem.
1312 481 1518 554 oebXXI.

411 691 489 766 suis
515 685 687 788 periculis
714 695 752 762 et
774 683 974 785 sumptibus
999 681 1097 784 apud
1129 681 1257 760 sedem
1283 683 1522 786 apostolicam
1546 683 1734 784 perpetuis
1758 681 1977 784 tmporibns
2002 683 2103 762 annis
2139 679 2146 690 ’

411 791 565 892 singulis
592 790 793 866 solveretur
819 789 945 888 eisque
971 787 1143 887 graciose
1168 787 1251 879 illa,
1285 811 1355 887 que
1377 785 1512 864 debent
1537 785 1587 864 de
1617 811 1734 864 censu
1768 785 1896 863 eodem
1921 809 1988 888 pro
2015 799 2103 864 tem·
2204 785 2213 806 ⁹

411 921 501 998 pore
528 894 697 996 preterito
724 917 792 992 quo
820 903 1060 968 cessaverunt
1086 917 1110 966 a
1127 890 1314 968 solucione
1330 890 1438 982 illius,
1465 902 1504 964 nt
1520 891 1740 991 premittitur,
1767 890 1948 968 mmmm
1973 888 2104 990 digna·

411 1025 540 1078 remur.
592 998 676 1072 Nos
701 997 808 1095 igitur
825 993 1068 1086 attendentes,
1096 992 1192 1094 quod
1217 995 1253 1070 iu
1271 994 1426 1094 antiquis
1445 993 1611 1093 registris
1630 993 1796 1094 ejusdem
1814 994 2012 1069 Romane
2038 1017 2103 1071 ec-

412 1103 529 1182 clesie
555 1101 754 1178 continetur
781 1124 980 1199 expresse,
1008 1095 1103 1196 quod
1129 1097 1199 1198 ipsi
1223 1096 1273 1174 ad
1299 1098 1563 1198 prestaciouem
1590 1109 1628 1174 et
1653 1098 1874 1174 solucionem
1900 1096 1990 1174 dicti
2017 1121 2103 1174 cen·

413 1233 478 1282 sus
505 1213 670 1280 tenentur
696 1203 836 1279 astricti
862 1213 899 1278 et
924 1200 1156 1276 indubitatum
1182 1202 1331 1293 existat,
1358 1199 1454 1301 quod
1479 1201 1575 1276 illum
1603 1211 1869 1279 consueverunt
1894 1199 2014 1278 eidem
2039 1226 2103 1278 ee·

413 1309 528 1388 clesie
547 1309 592 1382 ab
612 1307 764 1406 antiquis
783 1306 1000 1406 temporibus
1026 1305 1172 1381 solvere
1199 1329 1245 1381 ac
1263 1305 1458 1396 solverunt,
1486 1328 1684 1404 quousque,
1711 1319 1749 1380 ut
1766 1305 1933 1406 superius
1960 1315 2019 1380 est
2036 1329 2103 1382 ex-

411 1437 594 1514 pressum,
629 1435 654 1485 a
679 1410 807 1510 paucis
843 1411 935 1485 citra
961 1409 1177 1508 temporibus
1211 1433 1278 1483 nou
1307 1409 1385 1484 siue
1419 1419 1621 1509 contemptu
1648 1421 1687 1484 et
1710 1405 1913 1509 prejudicio
1940 1408 2101 1486 ecclesie

411 1525 604 1590 memorate
638 1537 850 1612 suarumque
883 1513 1072 1586 animarum
1105 1512 1277 1613 periculis
1304 1536 1369 1612 per
1393 1518 1667 1610 decemseptem
1693 1539 1809 1588 aanor
1840 1511 2002 1612 proxime
2029 1517 2103 1612 jam

412 1619 563 1719 elapsos
589 1641 613 1691 a
639 1615 826 1693 solucione
853 1625 1093 1691 cessaverunt
1118 1615 1230 1707 illius,
1265 1628 1302 1691 et
1326 1617 1474 1716 insuper
1499 1613 1595 1714 quod
1621 1612 1760 1691 modum
1787 1615 1984 1692 solucionis
2011 1616 2102 1690 anti·

411 1722 470 1823 qui
497 1719 586 1798 dicti
612 1743 759 1810 census,
786 1742 889 1819 quem
916 1721 960 1794 ob
986 1719 1234 1795 reverenciam
1261 1719 1443 1794 beatorum
1468 1718 1569 1794 Petri
1596 1728 1633 1794 et
1656 1717 1763 1794 Pauli
1789 1717 2033 1820 apostolorum
2057 1742 2102 1796 ac

411 1834 557 1926 propter
582 1823 675 1898 alies
701 1823 876 1900 honestes
903 1831 940 1898 et
965 1822 1207 1898 racionabiles
1235 1845 1371 1898 causas
1398 1822 1609 1898 extimemus
1636 1821 1755 1898 luisse
1781 1822 1840 1922 pie
1863 1845 1910 1898 ac
1935 1821 2101 1896 raciona-

411 1929 530 2004 biliter
554 1925 799 2018 introductum,
826 1937 962 2002 mutare
985 1924 1034 2002 de
1063 1925 1174 2003 facile
1193 1923 1398 2026 expediens
1422 1950 1491 2000 non
1508 1923 1660 2017 videtur,
1687 1924 1948 2026 supplicacioni
1977 1924 2103 2024 hujus·

413 2029 509 2107 modi
534 2059 604 2106 non
621 2037 798 2105 donimus
823 2035 1078 2120 annuendum,
1098 2027 1168 2104 sed
1193 2029 1346 2130 prefatis
1373 2029 1524 2120 civibus,
1552 2029 1810 2104 habitatoribus
1829 2038 1867 2106 et
1891 2027 2022 2104 ineolis
2049 2029 2102 2104 ci-

412 2136 536 2210 vitatis
562 2130 726 2233 predicte
752 2157 818 2234 per
843 2130 983 2207 modum
1008 2133 1112 2207 alium
1139 2131 1385 2209 favorabiliter
1410 2129 1602 2234 providere
1635 2156 1746 2232 super
1776 2131 1847 2207 lriis
1878 2129 2104 2224 intendimus,

414 2236 600 2326 videlicet,
626 2234 779 2336 quodsi
805 2235 937 2336 prefati
962 2236 1077 2327 cives,
1105 2236 1328 2312 habitatores
1352 2247 1390 2312 et
1415 2235 1535 2312 incole
1559 2257 1603 2312 se
1628 2235 1834 2312 solemniter
1850 2245 1889 2312 et
1906 2233 2107 2312 efficaciter

415 2341 575 2440 obligent
601 2339 650 2414 ad
677 2337 898 2431 solvendum,
925 2339 1021 2417 sicut
1045 2339 1257 2440 premissum
1276 2351 1346 2430 est,
1374 2339 1501 2414 futuris
1525 2339 1710 2440 perpetuis
1735 2339 1951 2440 temporibus
1976 2337 2105 2416 dictum

416 2429 575 2534 censuim,
595 2467 706 2544 super
720 2443 793 2516 illis
812 2439 947 2542 adque
965 2453 1130 2518 tenentur
1146 2443 1292 2520 racione
1311 2441 1398 2518 dieti
1412 2465 1547 2518 census
1560 2466 1625 2543 pro
1642 2455 1802 2544 tempore
1819 2442 2001 2543 preterito,
2020 2465 2106 2542 gra-

309 2579 319 2598 ·
417 2547 519 2622 ciose
538 2571 688 2644 egemus
707 2570 786 2621 cum
805 2545 860 2620 eis
876 2545 1116 2645 terminosque
1135 2569 1246 2647 super
1263 2547 1450 2622 solucione
1466 2546 1603 2621 illomm
1621 2539 1694 2621 sibi
1707 2545 1884 2622 faciemus
1898 2559 2105 2648 competen-

416 2659 475 2726 tes
494 2648 648 2725 coucedi
665 2672 711 2724 ac
729 2645 926 2749 predictum
943 2646 1167 2726 interdictum
1193 2647 1241 2725 de
1259 2649 1412 2750 speciali
1431 2650 1558 2748 gracia
1575 2647 1733 2726 relaxari
1750 2650 1988 2764 personisque
2004 2650 2105 2750 ipso-

417 2777 490 2826 rum
517 2751 758 2849 singularibus
786 2751 994 2826 beneficium
1020 2753 1264 2828 absolucionis
1289 2750 1455 2854 impendi.
1517 2751 1699 2843 Quocirca
1723 2752 1938 2828 fraternitati
1963 2764 2024 2828 tue
2041 2775 2106 2852 per

417 2854 622 2955 apostolica
638 2853 775 2954 scripta
792 2853 1035 2928 committimus
1053 2865 1091 2931 et
1108 2855 1327 2948 mandamns,
1335 2857 1510 2955 quatinus,
1526 2866 1690 2955 qnantum
1710 2857 1938 2932 communiter
1954 2853 2104 2954 singulis
2183 2937 2187 2944 ,

418 2955 686 3058 decemseptem
705 2956 809 3031 annis
826 2956 986 3058 proximo
998 2961 1077 3055 Jam
1095 2958 1246 3058 elapsis,
1274 2960 1400 3058 quibus
1416 2959 1556 3035 incluso
1574 2959 1645 3035 hoc
1671 2983 1763 3034 anno
1786 2960 1947 3059 presenti
1974 2983 2105 3035 cessa·

417 3071 544 3138 verunt
569 3060 699 3162 prelati
726 3061 840 3152 cives,
868 3060 1090 3138 habitatores
1116 3073 1154 3137 et
1178 3062 1298 3139 incole
1321 3087 1345 3138 a
1369 3062 1556 3138 solucione
1573 3060 1750 3163 predicta,
1776 3063 1903 3140 valere
1918 3061 2033 3164 potuit
2049 3059 2105 3137 di-

419 3175 680 3254 curacenses,
713 3173 750 3239 te
776 3162 932 3240 fideliter
957 3173 995 3240 et
1020 3164 1188 3242 sollerter
1218 3165 1412 3240 insumens
1439 3189 1505 3240 nos
1532 3163 1666 3242 exinde
1693 3166 1811 3256 clere,
1845 3165 2106 3268 particulariter

418 3279 457 3344 et
482 3265 682 3359 destincte,
716 3279 754 3341 ut
778 3267 905 3342 melius
933 3267 1029 3344 seire
1063 3267 1255 3368 possimos,
1290 3266 1375 3368 quid
1408 3279 1447 3344 et
1472 3269 1624 3369 qualiter
1648 3291 1715 3369 per
1739 3291 1807 3344 nos
1833 3266 2013 3369 agendum
2040 3269 2106 3344 erit

420 3371 521 3446 circe
545 3371 634 3464 hec,
662 3369 811 3446 efficere
838 3368 992 3446 studeas
1019 3371 1231 3471 quantocius
1257 3370 1441 3448 commode
1467 3373 1604 3471 poteris
1630 3372 1824 3449 cerciores.
1875 3372 1928 3447 Et
1953 3371 2106 3448 nichilo·

419 3473 533 3546 miuus
565 3475 610 3548 ab
643 3471 783 3550 eisdem
818 3474 975 3566 civibus,
1007 3474 1267 3549 habitatoribus
1300 3487 1337 3550 et
1369 3475 1499 3552 incolis
1532 3499 1578 3550 ac
1609 3499 1729 3552 eorum
1755 3475 2044 3576 pmcuratoribus
2070 3485 2106 3550 et

420 3571 572 3650 sindicis
600 3601 710 3674 super
735 3578 805 3654 hoc
831 3577 989 3676 legitimo
1017 3578 1219 3653 constitutis
1246 3601 1356 3678 super
1382 3576 1559 3654 solvendo
1586 3576 1683 3654 dioto
1711 3601 1825 3654 censu
1850 3579 1954 3653 aunis
1980 3579 2105 3677 singu·

419 3679 466 3752 lis
498 3677 534 3751 in
568 3675 847 3777 quadragesima
877 3681 1060 3782 perpetuis
1098 3679 1225 3754 tirtnris
1258 3683 1476 3782 temporibus
1508 3681 1671 3757 ecclesie
1702 3681 1897 3758 Romane
1929 3679 2104 3781 predicte,
2147 3681 2156 3690 ’

420 3777 594 3856 videlicet
618 3805 686 3856 uuo
712 3781 860 3859 denario
887 3784 1063 3859 currentis
1089 3793 1127 3858 et
1153 3783 1332 3860 cursualis
1358 3795 1499 3860 monete
1523 3783 1619 3858 illins
1641 3783 1756 3886 patrie
1774 3809 1837 3886 pro
1856 3784 2013 3884 quolibet
2037 3783 2105 3858 hu·

421 3900 525 3958 mano
552 3885 691 3984 capite,
725 3886 921 3962 liberaliter
954 3897 991 3962 et
1015 3883 1172 3963 fideliter
1203 3888 1341 3986 absque
1374 3885 1643 3964 contradicione
1668 3911 1878 3988 quacunque
1905 3887 2106 3986 obligacio-
2216 3897 2219 3900 ’

422 4009 501 4063 uem
527 3987 759 4088 sollempnem
785 4000 822 4064 et
848 3989 1056 4080 efficacem,
1090 4001 1213 4066 nostro
1245 4001 1281 4067 et
1315 4013 1571 4067 successorum
1602 4003 1798 4066 nostrorum
1824 3991 2105 4067 Romanorum

421 4087 623 4189 pontificum
649 4091 824 4168 canonice
848 4093 1055 4169 iutraucium
1087 4105 1124 4169 et
1149 4093 1312 4171 ecclesie
1345 4092 1510 4194 predicte
1542 4095 1680 4170 nonime
1712 4095 1869 4194 recipias
1902 4104 1941 4170 et
1972 4091 2106 4170 exinde

422 4191 552 4268 confici
577 4192 697 4268 socias
748 4195 899 4272 ublicum
924 4196 1205 4289 instrumentum,
1238 4198 1464 4297 presencium
1492 4199 1621 4274 seriem
1650 4199 1854 4287 continens,
1881 4195 1977 4296 quod
2003 4197 2105 4272 uobis

423 4296 621 4394 evestigio
649 4305 705 4370 stu
734 4320 800 4372 ees
833 4295 1029 4374 destinare.
1082 4300 1278 4398 Postquam
1305 4311 1421 4375 autem
1448 4301 1709 4400 obligecionem
1744 4301 1932 4400 receperis
1964 4281 2106 4378 antedi-

423 4405 529 4486 ctam,
555 4395 790 4492 iuterdictum,
818 4401 876 4476 oui
902 4402 1033 4477 civitas
1058 4402 1141 4502 ipsa
1156 4413 1302 4504 propter
1318 4405 1496 4502 premissa
1519 4406 1714 4504 subjacere
1740 4404 1910 4494 noscitur,
1936 4403 2106 4478 relaxare

424 4522 469 4573 ao
496 4500 736 4598 singularibus
763 4503 927 4604 personis
953 4501 1145 4604 predictis,
1180 4529 1249 4606 que
1282 4505 1527 4582 absolucionis
1560 4505 1770 4583 beneficium
1804 4505 1849 4582 ab
1883 4502 2011 4582 eedem
2038 4529 2106 4582 ex-

426 4603 757 4680 communicacionis
784 4605 973 4682 sentencia
997 4607 1172 4708 pecierint
1196 4607 1383 4700 humiliter,
1409 4607 1497 4683 illud
1513 4606 1720 4710 impendere
1732 4613 1843 4710 juxte
1868 4608 2014 4704 sormam
2042 4631 2106 4685 ec·

425 4699 541 4778 clesie
567 4707 780 4786 auctoritate
805 4720 930 4784 nostra
953 4734 1139 4810 procures,
1167 4709 1316 4809 adjecto
1342 4723 1477 4803 tamen,
1504 4708 1600 4810 quod
1626 4711 1659 4785 si
1683 4711 1951 4788 universitatem
1978 4711 2107 4788 civita·

424 4801 472 4878 tis
492 4803 655 4902 ejusdem
682 4821 807 4886 contra
832 4812 1091 4909 obligacionem
1118 4811 1328 4914 predictam,
1354 4839 1424 4889 uon
1452 4812 1628 4892 solvendo
1653 4813 1851 4914 predictum
1884 4837 2044 4906 censum,
2071 4823 2108 4888 ut

424 4906 634 5006 premissum
660 4925 734 5004 est,
766 4914 888 4992 venire
915 4913 1010 5014 quod
1034 4917 1130 4992 absit
1154 4917 1395 5014 contingeret,
1430 4941 1475 4994 eo
1500 4917 1580 5020 ipso
1607 4916 1737 4994 civitas
1764 4915 1893 4995 eadem
1917 4915 2108 4994 interdicto
