4524 5770
399 545 450 622 38
928 541 1139 614 Urlrnaden.
1202 539 1352 615 XXXI.
1383 539 1558 615 ΧΧΧΙΙ.

399 746 512 826 rende
537 745 739 824 devocione
763 745 867 822 vobis
895 741 1094 821 omnimoda
1117 743 1378 845 supplicamus,
1405 753 1582 842 quatenns
1606 739 1782 844 prelatum
1799 738 1927 820 ducem
1947 752 1984 818 et
2001 767 2089 820 suos

399 857 555 930 barones
580 867 720 928 necnon
741 846 833 925 dom.
860 845 1107 926 Conradum
1133 845 1262 924 ducem
1287 847 1500 924 Maeonia
1531 871 1611 922 cum
1634 845 1729 937 auis,
1763 845 1821 945 qui
1846 871 1925 922 oum
1948 846 2090 947 prelato

399 956 495 1036 duce
520 954 749 1035 Cracouie
774 963 812 1028 et
836 951 1121 1042 Rutenorum,
1154 948 1439 1029 Comauorum
1472 961 1510 1028 et
1531 950 1818 1026 Lituanorum
1842 950 2006 1026 exercitu
2031 949 2090 1025 as-

399 1059 539 1152 tuerint,
554 1059 645 1160 ipsis
656 1056 851 1146 consilium,
869 1055 1042 1149 favorem,
1061 1053 1241 1146 auxilium,
1259 1055 1295 1128 in
1312 1055 1478 1157 personis
1498 1053 1651 1156 propriis
1667 1050 1918 1154 impendendo,
1936 1053 2089 1132 maxime

399 1165 646 1240 Varsonem
664 1160 916 1252 castellanum,
943 1159 1325 1260 Petrumpalatinum
1344 1158 1722 1248 Cracouiensem,
1749 1155 2090 1234 Sandomirien-

399 1288 509 1360 sem,
544 1265 823 1343 Dobeslaum
858 1261 907 1339 de
941 1262 1163 1356 Vislicia,
1199 1264 1439 1338 Lassatam
1465 1260 1514 1340 de
1540 1259 1746 1354 semdae,
1783 1259 2090 1342 Smilonemde

398 1370 609 1462 Brestho,
635 1370 853 1446 Jacobum
876 1364 925 1444 de
949 1366 1129 1461 bublin,
1155 1368 1322 1444 Boxam
1347 1364 1396 1442 de
1413 1361 1648 1466 Malogns't
1674 1364 1916 1460 castellanos,
1941 1365 2090 1442 Nico-

397 1477 511 1552 laum
527 1474 635 1550 filium
651 1473 805 1574 Many,
833 1470 1097 1546 Mironlaum
1116 1468 1279 1571 judicem
1298 1471 1415 1563 curie,
1442 1471 1661 1569 Zegotam
1678 1469 1884 1570 pincernam
1909 1466 2089 1547 Cracc-

397 1579 613 1670 uiensem,
630 1577 852 1652 Velzlram
868 1575 976 1650 lilium
992 1573 1267 1668 Michelis¹),
1294 1573 1560 1674 nogufalun
1579 1575 1765 1667 minorem,
1791 1573 2090 1650 [taurencium

398 1681 560 1760 Sixtus
586 1680 809 1758 castellanus
835 1679 944 1778 (sict)
970 1677 1019 1755 de
1036 1676 1181 1770 Ruda,
1208 1679 1477 1770 Rosconem,
1504 1678 1763 1754 lllrococam
1789 1677 2088 1767 subcamerarios,

396 1783 620 1862 Andream
645 1781 808 1886 judicem
834 1793 871 1859 et
893 1783 1040 1860 fratrem
1066 1787 1149 1882 ejus
1181 1782 1499 1866 Venceslaum,
1540 1779 1828 1858 Stralcouem
1853 1777 2016 1881 judicem
2041 1779 2090 1858 de

397 1893 639 1981 Borowno,
685 1886 778 1962 duos
812 1887 905 1962 filios
939 1886 1162 1964 Janconis
1197 1884 1245 1964 de
1273 1883 1423 1978 Colis,
1469 1884 1833 1986 Secehpalatiuum
1860 1883 1908 1961 de
1934 1883 2089 1976 Siraz,

397 1994 700 2093 Sancinoyum
725 1992 948 2092 pincernam,
975 1987 1251 2090 Preduoyum
1274 1989 1510 2066 castellanum
1535 1988 1834 2082 Siracenses,
1867 1990 2090 2080 Zamsam,

397 2097 631 2174 Martinum
655 2094 703 2172 de
728 2093 948 2185 Chansin,
988 2090 1253 2170 Scedricum
1277 2091 1325 2170 de
1350 2091 1522 2184 Criuin,
1556 2091 1813 2170 Sementam
1844 2090 1900 2170 de
1924 2091 2089 2193 Dupin,

397 2201 622 2279 Jaraoiurn
641 2197 689 2275 de
708 2197 848 2288 Srem,
875 2197 1117 2276 Nicolaum
1142 2195 1190 2272 de
1208 2194 1428 2276 Carncow
1454 2195 1662 2274 cumfratre
1687 2197 1890 2272 Bozenta
1914 2196 2090 2274 castella·

398 2329 482 2397 nos,
507 2303 744 2380 Martinum
770 2301 1067 2394 Pribislauiu,
1100 2297 1401 2378 Cechozlaum
1423 2301 1640 2402 pincernam,
1668 2298 1914 2402 Ceuleyum
1932 2298 1980 2376 de
1997 2299 2089 2374 Po-

399 2433 500 2498 nez,
526 2408 611 2483 item
635 2405 879 2508 Cenleyum
903 2404 1154 2496 Gabrielis,
1181 2405 1411 2482 Meneram
1434 2404 1636 2506 palatinum,
1662 2404 1920 2480 Menernam
1944 2402 1992 2480 de
2010 2401 2089 2482 Ci-

399 2511 554 2603 rasch,
583 2510 854 2586 Michaelem
873 2509 1151 2600 thezaurarium‚
1179 2515 1216 2582 ut
1234 2527 1317 2585 ante
1333 2509 1473 2583 instans
1497 2509 1658 2610 proxime
1676 2508 1808 2584 lestrrm
1825 2508 2090 2609 assrrmpcionis

287 2641 363 2712 1271,
398 2617 431 2691 b.
459 2615 578 2691 Maria
608 2614 756 2713 virginis
790 2615 893 2689 nobis
921 2623 958 2689 et
991 2612 1154 2690 ecclesie
1185 2623 1308 2689 nostre
1331 2635 1471 2689 necnon
1501 2623 1539 2688 et
1568 2611 1650 2686 aliis
1682 2611 1872 2706 ecclesiis,
1910 2637 1999 2712 quas
2033 2613 2090 2687 sic

256 2713 297 2768 15.
310 2719 382 2784 *¹¹3-
399 2717 621 2796 offenderunt
639 2718 808 2793 atrociter
825 2717 904 2793 sine
923 2716 1050 2817 culpa,
1079 2713 1127 2792 de
1153 2713 1316 2818 dampnis
1340 2725 1378 2792 et
1393 2716 1531 2816 injuriis
1548 2715 1659 2790 illatis
1678 2713 1907 2792 satisfaciant
1933 2741 2089 2792 commo-

398 2824 492 2898 nitos
517 2823 704 2914 habeatis,
732 2821 886 2922 alioquin
910 2820 1138 2914 sentencias,
1166 2841 1256 2920 quas
1280 2821 1315 2895 in
1339 2821 1440 2921 ipsos
1465 2821 1532 2896 rite
1556 2819 1739 2896 tulerimus
1770 2843 1820 2895 ex
1843 2819 1953 2896 officii
1978 2821 2088 2894 nostri

398 2925 540 3019 debito,
566 2925 628 3002 vel
646 2926 679 3000 si
697 2950 788 3025 quas
807 2949 856 3001 ex
872 2926 953 3027 ipso
970 2923 1071 3000 sacto
1088 2925 1308 3000 incurrerunt
1331 2925 1366 2998 in
1391 2936 1516 3000 vestra
1542 2921 1696 3024 dyocesi
1714 2923 1818 2999 vobis
1844 2923 1991 3025 placeat
2020 2949 2088 3025 pu-

399 3031 534 3108 blioare
562 3041 599 3106 et
621 3029 795 3132 publicari
812 3053 878 3129 per
895 3028 987 3104 alios
1005 3027 1170 3121 faciatis,
1198 3051 1262 3122 ne,
1290 3027 1386 3130 quod
1403 3030 1518 3121 absit,
1546 3038 1617 3102 tam
1635 3051 1778 3104 enorme
1796 3027 1928 3104 factum
1945 3028 1980 3103 in
1999 3051 2088 3105 con-

397 3145 565 3236 temptum
583 3133 842 3210 ecclesiastice
865 3131 1042 3208 libertatis
1065 3143 1307 3234 perpetratum
1328 3133 1529 3233 impunitum
1553 3143 1737 3208 remaneat
1760 3141 1798 3208 et
1822 3131 1934 3208 ceteri
1959 3131 2090 3207 similia

397 3239 523 3315 facere
549 3263 617 3312 non
645 3235 845 3312 formident.
907 3234 1037 3311 Datum
1061 3237 1096 3311 in
1120 3237 1347 3330 Wratizl.,
1374 3237 1409 3311 in
1433 3236 1559 3336 vigilia
1581 3235 1820 3338 apostolorum
1847 3261 1899 3310 ss.
1925 3235 2025 3312 Petri
2051 3249 2089 3311 et

398 3341 522 3434 Pauli,
555 3365 646 3418 anno
665 3338 794 3417 domini
813 3337 1040 3418 Mecnxx
1056 3339 1178 3442 primo.

477 3653 708 3726 schenden
726 3653 819 3748 sere
845 3663 987 3734 tenore,
1012 3676 1134 3747 parva
1145 3651 1261 3744 saeta
1280 3655 1535 3736 incantaciones,
1562 3651 1816 3736 Croconiensr',
1845 3653 2091 3724 Poancatcnoi

400 3767 438 3830 et
459 3759 687 3828 linconiensi
710 3758 896 3852 episcopis
920 3759 1026 3826 litere
1051 3767 1135 3826 sont
1151 3757 1344 3838 destinate,
1373 3759 1520 3828 insertis
1542 3757 1745 3828 nominibus
1761 3759 1919 3827 militum
1935 3780 2091 3826 sucrum

400 3864 606 3957 dyocesani.

1044 4037 1448 4050 mon-m

249 4259 360 4312 mu.
477 4233 689 4312 Venerabili
711 4233 746 4310 in
771 4232 917 4314 Christo
940 4233 1033 4336 patri
1058 4231 1151 4310 dom.
1175 4231 1367 4332 P[aulo)
1392 4229 1709 4324 Cracouiensi,
1736 4231 1951 4324 Thomas,
1976 4227 2095 4330 dgr.

268 4341 345 4412 ¹²⁷¹,
402 4361 460 4437 ep.
487 4337 713 4430 wratisl,
747 4339 938 4414 oraciones
964 4335 1119 4416 devotas
1144 4359 1224 4412 cum
1250 4337 1342 4412 omni
1365 4338 1578 4414 reverencia
1612 4349 1649 4413 et
1676 4335 1821 4413 honore.
1891 4335 1977 4411 Non
2007 4335 2098 4413 siue

241 4411 284 4466 Ἢ·
301 4415 372 4466 ''¹¹¹'‘
402 4435 528 4514 dolore
544 4441 679 4538 ingenti
698 4451 769 4518 etc.
788 4465 854 4542 per
870 4451 979 4516 totum
992 4442 1087 4518 sicut
1103 4441 1138 4515 in
1155 4439 1262 4515 litera
1278 4440 1553 4544 archiepiscopo
1571 4441 1685 4517 missa
1702 4439 1771 4538 (N.
1788 4436 1956 4539 XXXI),
1976 4462 2098 4538 quare

400 4551 506 4646 pater
529 4540 729 4618 reverende
754 4553 846 4638 etc,
880 4555 1055 4643 qnatenus
1078 4543 1255 4646 prefatum
1280 4542 1407 4620 ducem
1432 4557 1469 4620 et
1487 4569 1575 4620 suos
1600 4547 1774 4637 barones,
1800 4544 1954 4621 maxime
1970 4541 2100 4617 Var-

402 4669 551 4724 sonem
576 4645 830 4740 castellanum,
861 4645 1033 4724 Petrum
1065 4647 1257 4750 palatinum
1283 4644 1655 4744 Cracouiensem,
1697 4648 1930 4726 Janusinm
1954 4646 2102 4749 palati-

447 4922 478 5000 1)
510 4915 616 5010 Vergl.
639 4917 690 4984 die
713 4915 886 5010 schenden
907 4919 1082 4986 Schneibea
1102 4920 1161 4984 mit
1182 4919 1309 5008 einigen
1329 4919 1586 5012 Abweicbungen
1607 4921 1642 4986 in
1659 4919 1719 4986 der
1733 4919 1917 4988 Schreibart
1939 4919 1996 4985 der
2017 4918 2106 4990 Na·-

507 5026 590 5085 men,
613 5001 663 5068 die
685 5003 755 5070 hier
776 5025 848 5068 zum
868 5004 982 5071 Theile
1004 5001 1206 5072 verschieden
1231 5005 1297 5071 und
1319 5025 1465 5098 ungenau
1486 5005 1693 5097 geschnieben
1713 5005 1793 5073 siud.
