4594 5774
406 513 483 594 tit
596 507 598 511 ’
948 513 1158 588 Urtondsn
1214 512 1356 588 oeIrX.
1385 513 1553 588 OELXI.

407 719 601 812 niensis,
626 717 797 819 mspstro
821 713 1023 794 liadslao
1048 714 1191 796 medico
1217 717 1392 794 emouio'o
1410 713 1733 809 Orneonieusi‚
1760 711 1855 792 don.
1878 715 1979 794 Noe
2007 739 2093 794 sou·

405 825 539 904 bestico
563 821 835 926 Kylobiensi
870 833 908 898 et
938 822 1072 898 uostris
1104 820 1289 915 militibus,
1323 819 1497 900 videlieet
1523 817 1617 896 dour.
1644 819 1768 896 Pusb
1792 818 1842 898 de
1868 821 2093 912 Libentsl,

406 927 501 1006 don.
518 927 712 1004 Nicolao
736 924 787 1002 de
803 921 1041 1018 Wedrow‚
1069 923 1162 1000 dom.
1179 923 1391 1004 Conrado
1417 923 1599 1002 advocuo
1625 922 1675 1001 de
1691 923 1910 1027 itybbscb
1938 935 1975 1002 et
1991 923 2095 1002 Sei·

400 1027 526 1110 'irido
551 1043 672 1108 nostro
698 1029 963 1132 protbusotuio
990 1041 1028 1108 et
1053 1029 1316 1132 quampluribus
1349 1029 1432 1106 aliis
1457 1026 1531 1106 fide
1556 1027 1690 1128 dignis.

262 1379 377 1502 m·
424 1428 425 1432 Ν
510 1442 680 1544 Sequitur
711 1454 813 1522 tenor
842 1443 1022 1520 literarum
1055 1441 1188 1545 prefati
1221 1439 1313 1518 doru.
1347 1443 1560 1533 Henrici,
1602 1440 1708 1520 ducis
1740 1441 1900 1522 Siesie
1934 1451 1973 1518 et
2002 1439 2093 1520 dors.

256 1528 373 1656 pff&
407 1547 643 1648 Glogouie,
670 1549 706 1624 in
731 1547 804 1626 bec
829 1547 959 1624 verbs:

511 1651 551 1728 ln
583 1651 723 1728 nomine
754 1647 885 1726 donnini
916 1674 1040 1727 aurens
1091 1649 1174 1726 Nos
1210 1649 1453 1740 Henricus‚
1488 1648 1525 1724 d.
1552 1673 1606 1750 gr.
1643 1648 1719 1724 dux
1744 1647 1903 1726 Slesie
1934 1659 1974 1726 et
2003 1647 2093 1726 dour.

407 1755 648 1856 Gregorio,
673 1754 876 1854 profitemur
902 1765 939 1831 et
963 1764 1202 1856 protestamur
1227 1765 1265 1830 et
1289 1764 1414 1830 tenore
1441 1754 1669 1855 presencium
1693 1750 1742 1830 ad
1767 1752 1935 1830 noticiam
1960 1751 2096 1830 deseri·

407 1885 485 1936 urrrs
511 1859 772 1948 ornnersorum,
808 1856 902 1958 quod
929 1857 1040 1935 irater
1065 1869 1205 1948 noster,
1240 1856 1291 1932 iii.
1318 1859 1506 1959 princeps,
1542 1857 1603 1959 pie
1629 1858 1796 1934 memorie
1826 1869 1864 1933 et
1891 1855 2011 1934 felicis
2037 1881 2095 1934 re·

407 1961 638 2041 cordaciouis
656 1960 748 2038 dour.
764 1963 1006 2053 Henricus‚
1035 1959 1071 2038 d.
1091 1985 1144 2060 gr.
1164 1959 1339 2138 puoudaur
1357 1959 1433 2036 dux
1458 1961 1637 2053 Slesie,
1665 1960 1893 2040 Croconie
1919 1973 1957 2037 et
1980 1959 2096 2052 San·¹

408 2064 618 2158 domirie,
646 2063 838 2142 attendens
864 2064 1066 2164 diiigenter,
1093 2089 1162 2164 qno
1215 2077 1286 2140 tarn
1310 2065 1392 2166 ipse
1419 2091 1520 2166 qnam
1547 2065 1798 2167 progenitores
1825 2065 1882 2140 sui
1901 2064 2096 2142 venerabili

407 2171 500 2274 patri
526 2169 619 2248 don.
647 2169 831 2260 Tborne,
859 2166 896 2244 d.
922 2191 977 2268 gr.
1005 2168 1178 2268 episeopo
1204 2167 1347 2244 Wrat.
1375 2181 1413 2244 et
1439 2171 1603 2247 ecclesie
1629 2173 1713 2270 ejus
1739 2169 1873 2268 totique
1899 2169 2000 2246 eiuro
2026 2183 2096 2246 tarn

408 2273 567 2374 regulari
598 2297 702 2374 quern
735 2272 893 2350 seculari
918 2272 953 2348 in
987 2271 1089 2346 bonis
1121 2271 1276 2392 ipsorum
1308 2282 1346 2346 et
1371 2271 1535 2350 ecclesie
1569 2271 1725 2375 dampna
1765 2272 2017 2374 quamplurima
2046 2273 2095 2348 ir-

407 2374 1944 2582 attttt‘,tn⁰ttbtttb⁰tt⁰tttttt⁶t0detti,tttttdttt‘t:
1967 2401 2096 2581 tlt:

410 2585 570 2660 omnibus
596 2582 727 2684 opidis,
754 2582 859 2677 vicis,
886 2583 994 2675 viliis,
1021 2583 1318 2684 possessionibus
1344 2596 1382 2660 et
1407 2583 1543 2684 prediis
1568 2597 1640 2662 tam
1666 2584 1831 2676 rusticis,
1859 2609 1961 2685 qrrsut
1989 2585 2096 2660 urba·

409 2687 466 2764 nis
493 2686 541 2764 ad
565 2689 680 2788 ipsunt
706 2684 880 2762 donninnnr
907 2687 1126 2788 episcopum,
1155 2687 1351 2764 ecclesian
1379 2712 1480 2764 suarn
1496 2688 1633 2765 Wrat.
1666 2701 1705 2765 et
1731 2688 1863 2768 elerum
1897 2689 2093 2790 spectanti·

411 2793 490 2883 bns,
523 2792 557 2866 iu
592 2791 684 2868 bona
710 2788 907 2866 valitudine
938 2792 1066 2866 urentis
1092 2809 1170 2868 sue·
1186 2788 1299 2881 dedit,
1327 2788 1473 2868 tradidit
1498 2805 1536 2868 et
1561 2791 1709 2868 donavit
1734 2817 1781 2869 ac
1807 2792 2006 2882 concessit,
2032 2792 2094 2892 pia

411 2906 449 2972 et
473 2892 626 2996 provido
649 2894 883 2985 liberaliore,
915 2909 1019 2995 prout
1051 2895 1244 2995 spectabat
1269 2893 1319 2970 ad
1344 2919 1442 2988 eunt,
1476 2921 1610 2998 puram,
1637 2897 1835 2998 perfectam
1862 2909 1900 2974 et
1924 2898 2092 2995 integram

408 2999 608 3076 libertatem
641 3010 678 3074 et
704 3023 752 3076 ea
777 2998 893 3076 omnia
919 3009 956 3074 et
982 2999 1126 3098 singula
1158 3012 1196 3075 et
1221 2999 1430 3100 specialiter
1463 3024 1510 3078 ac
1537 3000 1735 3076 norninatinr
1761 3011 1856 3078 terre
1881 3000 1922 3076 N
1928 3025 2095 3102 yssen-

410 3103 449 3178 si
483 3114 520 3180 et
546 3101 947 3180 Otbmncboniensi
974 3103 1101 3201 (sict),
1118 3106 1266 3180 'necnon
1285 3113 1323 3179 et
1348 3101 1422 3179 alia
1445 3104 1706 3182 ecclesiastica
1730 3106 1823 3181 boue
1846 3103 1940 3180 infru
1957 3105 2095 3179 Wrat.

410 3204 589 3309 dyocesin
615 3207 811 3284 constituta
836 3216 874 3284 et
899 3204 949 3282 ad
973 3205 1148 3308 prefatum
1175 3204 1267 3284 door.
1296 3206 1503 3309 episcopum
1535 3233 1582 3285 ae
1609 3208 1806 3286 eeclesiam
1840 3231 1940 3284 suurn
1966 3219 2096 3284 totou-

410 3335 480 3412 que
506 3311 639 3387 clerum
664 3311 897 3412 pertinencia,
924 3310 970 3386 ab
997 3310 1156 3388 omnibus
1182 3310 1351 3386 serviciis
1366 3311 1637 3389 Thevtonici
1663 3321 1771 3412 atque
1797 3311 2007 3388 Polouici
2031 3316 2095 3411 ju·

410 3414 475 3506 ris,
502 3415 548 3490 ab
574 3414 733 3490 omnibus
759 3414 920 3514 augariis
946 3425 984 3489 et
1007 3414 1244 3514 perangariis,
1271 3414 1523 3492 exactionibus
1549 3428 1587 3492 et
1609 3415 1776 3494 collectis
1802 3428 1840 3493 et
1852 3417 2095 3516 vectigalibus

412 3529 451 3596 et
476 3517 522 3593 ob
557 3517 638 3592 aliis
663 3517 941 3616 quibuscumque
973 3541 1117 3592 onerum
1149 3542 1216 3594 seu
1250 3517 1458 3594 servitutum
1482 3519 1745 3598 vexacionibus
1778 3544 1996 3620 quoeunque
2028 3543 2096 3595 no·

410 3619 504 3698 nine
531 3630 748 3696 censeantur
772 3619 945 3710 absolvit,
980 3621 1114 3696 exeruit
1137 3623 1280 3722 penitus
1306 3632 1344 3698 et
1369 3623 1485 3700 eciam
1510 3623 1687 3716 liberavit,
1722 3623 1936 3702 renuncians
1962 3635 2095 3701 extunc

410 3747 476 3827 pro
502 3747 546 3800 se
572 3733 610 3800 et
635 3721 828 3800 heredibus
861 3747 908 3800 se
934 3722 1211 3800 suecessoribus
1236 3724 1331 3816 suis,
1359 3750 1409 3802 ex
1433 3737 1648 3804 testamento
1674 3728 1735 3804 rel
1761 3729 1807 3805 ab
1831 3729 2003 3806 intestato
2028 3751 2096 3804 ve·

411 3827 601 3920 aientibus,
622 3825 843 3927 juridictioni
869 3850 915 3904 ec
942 3827 1033 3902 omni
1053 3827 1138 3927 juri,
1166 3825 1260 3928 qnod
1290 3829 1359 3904 sibi
1385 3840 1423 3905 et
1447 3830 1521 3906 iliis
1546 3832 1692 3908 racione
1718 3830 1865 3908 dominii·
1886 3856 1952 3908 sen
1979 3830 2096 3908 duca·

375 3947 381 3957 '
412 3943 472 4008 tus
499 3932 725 4033 competebat
748 3932 809 4010 vel
834 3942 963 4033 posset
989 3943 1193 4033 conpetere
1218 3933 1253 4007 in
1280 3929 1430 4009 eisdem
1466 3935 1526 4012 Ac
1551 3935 1798 4012 niebilouriuns
1820 3935 1983 4037 prefatus
2001 3933 2094 4011 doru.

412 4033 506 4128 dux,
530 4034 643 4114 irater
667 4048 807 4128 noster,
840 4033 956 4112 eidern
983 4036 1180 4112 venerabili
1205 4037 1314 4137 petri,
1351 4033 1443 4114 donn.
1472 4039 1648 4142 episcopo
1675 4051 1712 4116 et
1737 4065 1801 4142 per
1826 4063 1905 4116 eum
1933 4039 2097 4117 ecclesie

413 4139 553 4216 Wrat.
581 4136 778 4232 dominium,
799 4136 1085 4240 jurisdictionem
1111 4151 1149 4216 et
1180 4151 1394 4241 potestatem
1428 4165 1495 4220 sen
1523 4143 1731 4222 facultatem
1763 4147 1919 4240 majoris
1944 4149 2097 4220 demes·

413 4248 452 4316 iu
476 4250 698 4346 sanguinum
730 4257 767 4318 et
791 4250 880 4320 aliis
903 4245 1108 4340 majoribus
1134 4252 1275 4332 caesis,
1301 4275 1370 4345 que
1394 4248 1464 4343 jas
1497 4253 1634 4324 ducale
1667 4276 1734 4324 eeu
1758 4254 1877 4332 ducis,
1903 4248 1937 4322 iu
1965 4245 2121 4348 opidis,

414 4345 524 4438 vicie,
556 4347 670 4438 viliis,
707 4347 929 4440 civitatibus,
961 4347 1086 4440 terris,
1120 4349 1415 4448 possessionibus
1441 4361 1480 4428 et
1505 4350 1641 4452 prediis
1674 4349 1893 4453 supradictis
1919 4350 2095 4440 hactenus

415 4448 668 4548 contingebant
691 4449 905 4528 liberalitate
930 4451 1036 4527 simili
1061 4451 1209 4528 contudit
1233 4451 1303 4554 ipsi
1329 4449 1421 4530 dero.
1449 4455 1624 4557 episcopo
1650 4467 1688 4532 et
1709 4455 1871 4534 ecclesie
1890 4467 2093 4544 memorate,

415 4551 544 4628 voleus
570 4565 608 4630 et
633 4577 812 4656 expresse
839 4553 1064 4647 concedens,
1098 4566 1137 4630 ut
1166 4556 1249 4658 ipse
1274 4555 1368 4634 dun.
1401 4558 1528 4660 episco
1554 4586 1598 4634 ns
1631 4560 1758 4660 suique
1790 4581 2033 4636 successores
2058 4559 2094 4634 iu

417 4651 582 4754 predicta
605 4667 701 4734 terra
724 4657 955 4759 Nyssensi
986 4667 1024 4736 et
1050 4657 1449 4738 0tbnucbonieusi
1480 4585 1637 4740 cudendi
1672 4675 1709 4741 et
1739 4661 1899 4740 faciendi
1931 4673 2094 4740 mouens

417 4779 465 4834 ao
489 4757 526 4832 iu
550 4760 673 4836 causis
699 4759 890 4860 judicandi
913 4761 1065 4862 pret'atis
1096 4774 1168 4840 tour
1192 4765 1385 4864 majoribus
1418 4790 1520 4864 quam
1545 4767 1735 4844 uberibus
1767 4766 1962 4869 plenarium
1987 4778 2092 4869 pote-

419 4867 547 4938 statem
574 4873 611 4940 et
636 4864 671 4940 iu
695 4864 768 4943 illis
792 4867 932 4968 plenum
956 4863 1143 4943 dominnm
1168 4867 1440 4969 superiectum
1459 4871 1544 4968 jus,
1572 4869 1667 4971 quod
1692 4871 1837 4948 racione
1864 4869 2019 4950 ducatus
2042 4868 2092 4946 ad

418 4961 547 5046 ducem
572 4967 773 5066 pertinebat
797 4967 959 5063 eundern,
985 4969 1150 5050 interris
1175 4983 1213 5048 et
1237 4969 1321 5048 aliis
1338 4971 1554 5066 civitatibus,
1581 4975 1689 5068 viliis,
1716 4974 1819 5070 vicis,
1846 4972 1977 5078 opidis,
2003 4997 2091 5077 pus·
