4524 5770
407 503 460 582 dd
934 499 1143 580 ortonnes.
1213 499 1370 579 XXXV.
1403 499 1588 573 XXXVI.

272 729 387 780 xxxv.
509 701 725 784 merendo
742 703 780 781 in
796 699 945 786 Christo
962 701 1054 804 patri
1072 725 1119 778 ac
1136 700 1230 780 dom.
1247 702 1492 801 dtchanni)
1519 701 1794 804 archiepiscopo
1812 700 2092 792 Gueunensi,

288 809 364 879 12⁷1,
405 807 653 905 Th(omas)
672 833 737 908 ep
755 807 899 888 Wrat.
916 817 986 883 etc.
1041 805 1346 896 Quemadmodum
1362 818 1522 884 vestram
1538 831 1650 908 nuper
1663 807 1690 896 ¹)
1709 806 1925 908 suppliciter
1947 804 2094 904 rogavi·

295 887 359 937 ⁰³·
404 937 483 988 mus
509 912 776 1014 paternitatem,
811 907 931 992 adhuc
955 920 1080 994 tenure
1105 911 1333 1012 presencium
1355 911 1536 994 attenuius
1553 935 1734 1010 rogamus,
1760 922 1935 1010 quatenus
1951 909 2094 1002 urilites,

429 1016 464 1092 ui
480 1015 589 1094 uillas
608 1015 771 1094 ecclesie
787 1024 915 1093 nostre
930 1013 1029 1094 circu
1046 1015 1215 1096 Melica
1229 1015 1479 1116 spoliaverunt
1494 1016 1725 1094 conmoritur
1741 1014 1927 1107 habeatis,
1953 1025 1992 1090 ut
2009 1023 2095 1091 arte

382 1156 387 1168 ·
405 1042 499 1200 diem
517 1119 779 1220 assrrnpoionis
796 1119 831 1192 b.
850 1117 968 1196 llllarie
986 1118 1138 1218 uirginis
1153 1119 1257 1198 uobis
1285 1131 1321 1198 et
1338 1119 1502 1199 ecclesie
1529 1115 1577 1195 de
1595 1117 1757 1220 dampnis
1774 1119 1886 1198 illatis
1904 1129 1941 1195 et
1956 1117 2096 1218 injuriis

258 1227 298 1279 ¹5·
317 1231 387 1294 nug.
405 1224 634 1300 satisfaciant
652 1212 913 1314 condecenter,
941 1221 1096 1322 alioquin
1121 1234 1193 1299 etc.
1245 1223 1404 1303 Nomina
1425 1248 1514 1303 uero
1531 1222 1675 1302 militurn
1699 1234 1799 1317 suut,
1827 1225 1885 1324 qui
1902 1223 2008 1301 villas
2025 1246 2096 1300 ec·

405 1327 521 1404 clesie
546 1327 645 1404 circa
669 1325 837 1402 Melicz
863 1325 1059 1427 spoliarunt
1082 1326 1170 1405 hec:
1205 1327 1428 1402 Martinus
1462 1327 1543 1402 Lis
1574 1353 1654 1404 cum
1679 1353 1747 1402 sua
1771 1327 1968 1420 societate,
2002 1323 2094 1404 Ce-

405 1429 624 1508 choslaus
657 1426 980 1522 Coscelcouiz,
1013 1430 1176 1524 Janus,
1219 1432 1386 1507 Petrus
1416 1431 1510 1506 filius
1542 1429 1676 1524 Vnei‚
1719 1429 1962 1524 Cromolic,
2004 1429 2095 1504 Bo-

406 1546 538 1613 ceutc
560 1534 654 1610 filius
680 1533 845 1636 palatini,
886 1533 1101 1636 Bezopaz
1131 1535 1225 1610 filius
1250 1535 1531 1634 Lucogueui‚
1565 1533 2094 1612 Zernenta-castellauusin

405 1637 567 1740 Dupirr,
598 1635 821 1712 -Andreas
852 1635 946 1712 lilius
972 1637 1191 1728 Borislai,
1234 1637 1469 1716 Jchaunes
1501 1637 1596 1714 filius
1622 1635 1881 1734 Sandiuuii,
1915 1639 2094 1714 Marcus

404 1741 497 1816 filius
516 1739 791 1842 Lutogneui,
819 1739 1040 1818 Tarchali
1059 1739 1220 1836 cnse,
1248 1741 1511 1844 Stephanus
1528 1743 1622 1818 [ilius
1642 1741 1807 1836 Oracii,
1834 1742 2095 1844 Stephanus

404 1845 498 1922 filius
517 1841 801 1933 Ostrouodii‚
828 1843 1024 1944 Thomas
1051 1843 1249 1935 Cobiliz,
1274 1847 1503 1924 Nicolaus
1528 1847 1622 1922 lilius
1644 1847 1791 1950 palatini
1816 1845 2029 1952 Sanciwy
2047 1839 2095 1919 de

404 1947 549 2040 boda,
576 1947 829 2024 Suantornir
854 1947 1085 2026 Boznouic
1117 1951 1239 2026 etalii
1264 1951 1360 2026 multi
1386 1976 1506 2028 eorum
1530 1949 1638 2044 socii,
1673 1951 1756 2026 item
1777 1951 2016 2028 Johannes
2047 1947 2095 2022 de

405 2051 536 2154 Slup,
572 2053 831 2128 Dobeslaus
866 2051 960 2128 lilius
984 2053 1270 2156 Panccnlay,
1306 2053 1531 2132 Slauenta
1563 2053 1611 2130 de
1637 2053 1871 2160 Neparch‚
1908 2051 2094 2130 Gabriel

406 2158 520 2234 eciam
539 2153 586 2232 de
605 2155 835 2257 Neparch,
862 2155 1059 2234 Potrech
1086 2157 1180 2234 lilius
1199 2156 1378 2236 Ceuleii
1396 2171 1433 2236 et
1451 2159 1512 2234 alii
1530 2157 1637 2234 multi.

266 2601 390 2652 xxxvr,
510 2569 617 2644 Anno
636 2566 765 2644 domini
791 2567 976 2646 millesimo
995 2565 1179 2648 CCLXX
1195 2569 1319 2671 primo,
1345 2570 1381 2644 in
1408 2568 1585 2650 divisione
1604 2571 1861 2674 apostolorum,
1891 2573 1974 2647 talis
1992 2572 2097 2650 litera

289 2683 379 2770 ran,
406 2671 519 2750 missa
543 2685 601 2748 est
624 2669 717 2748 dom.
744 2673 1020 2774 archiepiscopo
1047 2673 1328 2766 Gnezneusi,
1356 2675 1391 2748 in
1416 2702 1486 2774 qua
1504 2673 1676 2779 dampna,
1703 2677 1805 2756 sacta
1829 2677 1931 2752 uobis
1949 2677 1983 2751 in
2000 2677 2096 2752 villis

269 2751 310 2806 ¹⁵·
327 2757 388 2806 ''²¹''
407 2777 539 2854 nostris
556 2801 622 2878 per
640 2773 768 2855 ducem
788 2773 1019 2854 Cracouie
1044 2787 1082 2853 et
1098 2779 1265 2854 estimato
1280 2779 1515 2856 continentur.

509 2879 721 2956 Venerabili
744 2881 779 2956 in
805 2877 952 2960 Christo
976 2883 1067 2985 patri
1100 2893 1170 2958 etc.
1231 2883 1315 2956 Non
1339 2883 1482 2958 miretur
1503 2893 1630 2960 vestra
1652 2883 1850 2985 paternitas
1876 2881 2096 2976 veneranda,

406 2982 504 3086 quod
524 2985 559 3060 in
576 2983 742 3086 primaria
767 2985 864 3062 serie
881 2985 1061 3062 literarum
1086 2985 1155 3084 (N.
1174 2981 1331 3085 xxxi)
1356 2987 1460 3062 vobis
1479 2983 1634 3088 dampna
1650 3012 1718 3062 non
1738 2989 2004 3090 expressimus,
2030 3013 2097 3090 per

407 3087 604 3166 exercitum
628 3085 732 3165 ducis
759 3085 1088 3168 Cracouiensis
1114 3099 1151 3166 et
1177 3089 1269 3166 alios
1296 3089 1398 3166 nobis
1417 3089 1655 3193 multipliciter
1677 3091 1778 3168 sacta
1795 3091 1829 3166 in
1847 3091 1944 3168 uillis
1962 3091 2095 3170 nostris

407 3203 445 3268 et
462 3191 625 3268 ecclesie
642 3204 785 3284 nostre,
836 3193 976 3270 uoniam
993 3191 1150 3268 nondum·
1164 3217 1211 3270 ea
1228 3193 1451 3270 sciveramus
1468 3195 1647 3296 plenarie,
1674 3220 1751 3272 cum
1773 3220 1841 3270 non
1861 3207 1964 3274 esset
1979 3197 2095 3288 homo,

407 3297 467 3394 qui
483 3320 550 3370 nos
569 3292 616 3370 de
634 3297 725 3396 ipsis
743 3219 916 3373 redderet
934 3297 1129 3375 cerciores.
1183 3297 1292 3374 Nune
1315 3323 1419 3388 vero,
1448 3300 1531 3398 quia
1547 3323 1727 3400 pauperes
1750 3299 1879 3392 nostri,
1907 3301 1966 3400 qui
1988 3299 2098 3400 suge-
2201 3325 2205 3333 ⁴

408 3409 487 3473 rant
512 3424 536 3472 a
559 3399 657 3474 facie
683 3401 886 3492 exereitus,
914 3401 1053 3476 reversi
1079 3398 1128 3476 ad
1152 3402 1295 3502 propria
1318 3403 1422 3476 nobis
1440 3399 1568 3478 eadem
1587 3402 1820 3479 ostenderunt
1837 3415 2099 3504 conquerentes

408 3502 491 3601 ipsa
508 3498 708 3594 secuudum,
721 3503 853 3578 libitum
877 3515 1000 3579 nostre
1017 3503 1211 3578 voluntatis
1230 3505 1436 3606 conscripta
1452 3517 1576 3582 vestre
1594 3507 1858 3582 transmittimus
1882 3507 2100 3608 paternitati,

409 3603 511 3680 lacta
537 3603 781 3680 nichilominus
812 3605 1005 3682 eonrndem
1030 3607 1262 3699 estimacione
1293 3635 1359 3710 per
1382 3610 1498 3685 omnia
1520 3609 1664 3703 leuiori,
1705 3611 1757 3686 ita
1785 3608 1879 3711 quod
1911 3611 2103 3712 quemlihet

312 3769 315 3780 .
410 3733 548 3807 equum,
576 3733 679 3806 quam
696 3709 814 3808 magni
830 3709 938 3785 suerit
953 3710 1109 3804 valoris,
1136 3715 1319 3811 posuimus
1337 3738 1401 3815 pro
1420 3739 1490 3788 una
1507 3739 1629 3792 marca
1646 3716 1802 3814 argenti,
1830 3725 1869 3791 et
1893 3717 1948 3792 sic
1968 3718 2004 3792 in
2021 3715 2103 3792 sin-

409 3811 504 3912 gulis
522 3811 630 3887 rebus
649 3812 917 3888 estimaeionem
941 3813 1108 3889 minorem
1132 3815 1284 3890 lecimus
1307 3817 1388 3918 ipso
1409 3817 1548 3894 valore.
1601 3817 1651 3894 Ut
1674 3829 1792 3896 autem
1815 3819 1951 3894 animus
1974 3829 2107 3896 vester

412 3915 556 3992 facilins
575 3914 850 4016 apprehendere
869 3914 1097 4018 dampnorum
1120 3918 1246 3994 valeat
1269 3921 1516 4020 quantitatem,
1543 3923 1655 4022 primo
1681 3947 1727 3998 ea
1750 3923 1985 4023 particulatim
2003 3923 2105 4000 scri-

409 4021 542 4112 bimus,
570 4016 703 4096 deinde
721 4043 841 4097 eorum
859 4045 1027 4096 summam
1045 4023 1309 4123 subjungimus,
1337 4024 1372 4098 in
1391 4025 1516 4125 quibus
1540 4027 1766 4126 ‚contigerunt
1781 4025 1943 4122 uillarum
1960 4027 2109 4104 nomina

411 4123 694 4226 distinguentes,
721 4136 902 4228 postremo
921 4146 970 4201 ex
987 4127 1173 4228 premissis
1191 4127 1350 4203 omnibus
1370 4129 1594 4207 confecimus
1610 4155 1714 4206 unam
1732 4155 1910 4206 summam.

272 4259 314 4312 aa.
332 4261 393 4311 urar.
479 4227 620 4320 *Anno
645 4229 753 4330 igitur
776 4227 908 4304 domini
922 4225 1169 4323 liccem
1186 4232 1226 4307 in
1251 4233 1409 4326 crastino
1433 4259 1464 4308 s.
1482 4233 1675 4310 Vmeencii
1700 4259 1757 4336 ep.
1785 4245 1823 4311 et
1844 4235 2009 4337 martyris
2025 4235 2107 4332 hec

411 4329 566 4432 dampna
589 4334 691 4410 sacta
715 4343 798 4409 sunt
819 4359 887 4437 per
910 4333 1039 4410 ducem
1057 4334 1286 4413 Oracouie
1311 4347 1349 4413 et
1373 4362 1462 4412 suos
1485 4338 1521 4412 in
1543 4337 1641 4432 villis
1666 4349 1704 4414 et
1718 4340 1936 4442 pauperibus
1953 4340 2106 4414 nostris.

412 4432 453 4507 ln
476 4433 565 4509 uilla
587 4445 710 4511 nostra
734 4435 1052 4532 Seoroaouo³),
1087 4440 1187 4516 curia
1209 4451 1334 4515 nostra
1357 4452 1508 4534 exusta,
1536 4442 1666 4519 ualens
1692 4439 1740 4518 ad
1764 4444 1935 4519 minimum
1959 4453 2110 4538 centum

459 4753 491 4830 l)
518 4744 649 4812 Bezieht
670 4746 736 4812 sich
757 4749 922 4841 unstreitig
944 4747 1003 4817 auf
1018 4751 1058 4818 N.
1081 4751 1213 4819 XXXI.

456 4855 491 4934 l)
519 4849 597 4915 Oms
620 4888 660 4899 -
683 4841 770 4916 nicht
791 4849 984 4918 aulzuldsen.

458 4957 491 5034 t)
520 4949 774 5035 Slrorischau,
796 4953 866 5019 ΝΟ.
893 4954 988 5043 ⁶J4M.
1010 4977 1072 5020 von
1093 4951 1256 5023 Namslau.
