4634 5762
299 475 301 480 ’
400 519 474 596 ns
1005 517 1221 591 normam·
1272 515 1343 590 cv.
1376 516 1473 590 cvr.

298 748 355 799 cv.
501 723 592 800 Alia
614 723 734 800 littera
756 721 870 798 missa
893 727 954 796 est
977 718 1048 821 ipsi
1065 715 1384 796 dom'F'irman'e
1407 744 1474 822 per
1496 715 1697 822 predictum
1714 719 1967 796 [iambicum
1984 745 2088 823 qum

283 828 372 916 ΙΝ,
399 829 469 906 stbi
485 837 698 930 presentare
716 824 851 914 debunt,
878 825 911 900 si
928 821 1071 902 videret
1087 829 1186 923 quod
1204 828 1293 900 bene
1309 831 1559 924 procederent
1575 831 1733 923 negucia
1752 831 1918 900 ecclesie.

503 929 714 1008 Venerabili
732 941 770 1006 et
785 930 822 1004 in
840 926 989 1006 Christo
1012 924 1214 1004 reverendo
1238 929 1332 1030 patri
1357 952 1403 1004 ac
1422 925 1515 1004 dom.
1534 927 1749 1030 Philippo
1767 942 1838 1006 etc
1873 929 2088 1008 Pateruitati

398 1046 523 1114 vestre
541 1061 632 1136 quas
650 1059 839 1136 possumus
858 1043 930 1108 etc.
950 1043 987 1106 nt
1005 1057 1116 1132 snpra
1133 1031 1202 1128 (N.
1223 1031 1344 1132 clv).
1386 1031 1440 1109 ln
1465 1033 1639 1132 qnoniam,
1667 1041 1705 1106 ut
1729 1031 1765 1106 in
1792 1028 1929 1108 eisdem
1953 1033 2087 1111 vestris

233 1181 239 1195 ·
397 1141 527 1216 litteris
550 1139 800 1232 intelleximus,
825 1137 944 1213 littere
971 1146 1093 1212 nostre
1117 1161 1227 1237 snper
1252 1135 1456 1238 provisione
1482 1136 1584 1212 lacta
1599 1135 1636 1211 in
1652 1159 1811 1238 persona
1825 1137 1852 1212 J
1858 1137 1990 1213 acobi
2008 1137 2087 1216 cle-
2200 1205 2206 1214 .

397 1245 476 1336 rici,
502 1268 549 1319 ne
575 1244 645 1318 otis
668 1242 794 1333 vestri,
820 1264 961 1318 necnon
985 1240 1104 1316 littere
1127 1241 1321 1342 potcstatis
1345 1240 1451 1316 vobis
1476 1237 1610 1318 suffita
1635 1263 1746 1340 super
1769 1237 1993 1317 conferenda
2017 1265 2088 1320 nna

397 1350 532 1528 prebent
560 1358 756 1423 avocante
772 1346 809 1420 in
829 1345 930 1421 curia
946 1341 1133 1420 defective
1151 1351 1242 1420 'esse
1258 1368 1309 1420 ex
1326 1343 1574 1446 oc'copacione
1595 1343 1782 1446 scriptoris
1798 1345 1862 1420 vel
1877 1344 2015 1422 incuria
2029 1345 2088 1422 vi·

264 898 306 952 ll.
319 903 382 954 Jutr.

425 1454 585 1538 ebantnr,
612 1449 831 1527 discrecioni
847 1457 974 1525 vestre
989 1447 1126 1549 placuit
1142 1471 1209 1524 nos
1226 1447 1408 1548 requirere
1425 1459 1464 1524 et
1480 1455 1623 1548 rogare,
1651 1459 1827 1548 quatenns
1843 1449 1985 1525 litteras
2001 1473 2087 1552 pro-

398 1556 548 1632 visionis
564 1555 673 1646 illins,
700 1552 749 1630 de
767 1577 838 1653 qua
854 1550 925 1629 deo
942 1563 1040 1628 teste
1058 1576 1127 1628 non
1144 1552 1335 1630 recolimus
1353 1549 1450 1652 quud
1466 1551 1619 1651 aliquam
1637 1551 1843 1640 fecerimus,
1869 1552 1904 1627 in
1929 1575 2087 1654 persona

397 1657 550 1762 predicti
566 1659 593 1734 J
599 1659 730 1734 acobi
748 1657 890 1758 nepotis
907 1656 1022 1732 vestri
1038 1667 1207 1758 patentes
1222 1681 1301 1732 cnm
1314 1655 1437 1756 sigillo
1453 1653 1625 1758 pendenti
1640 1655 1718 1732 fieri
1735 1655 1940 1732 faceremus
1957 1657 2024 1732 sub
2037 1665 2087 1734 e‘o

397 1775 524 1840 tenore
549 1774 587 1838 et
609 1763 735 1854 forma,
763 1786 866 1860 qnam
890 1759 1109 1836 venerabilis
1135 1773 1240 1860 pater
1263 1759 1357 1835 dom.
1376 1761 1585 1852 Latinus,
1612 1756 1649 1834 d.
1668 1783 1722 1859 gr.
1741 1761 2006 1836 llostiensis
2024 1785 2083 1864 ep.

399 1865 607 1959 cardinalis,
631 1890 696 1966 pro
721 1889 789 1940 sno
808 1864 943 1940 clerico
960 1864 1064 1939 nobis
1088 1865 1247 1964 scripsit,
1272 1865 1413 1942 litteras
1440 1887 1580 1964 quoquc
1598 1864 1796 2042 potestatis
1813 1864 1918 1939 vobis
1934 1888 2001 1965 per
2016 1887 2085 1942 nos

396 1969 529 2047 tradite
547 1995 657 2071 snper
673 1965 860 2070 prebenda
877 1993 947 2042 nna
963 1979 1120 2043 vacante
1143 1967 1203 2043 vel
1227 1979 1403 2044 vacatura
1419 1967 1525 2044 simili
1540 1991 1596 2044 mo
1624 1991 1646 2042 o
1669 1977 1838 2068 patentes
1862 1991 1939 2044 cum
1964 1967 2085 2067 sigillo

397 2073 568 2178 pendenti
584 2073 663 2149 lieri
679 2072 883 2149 laceremus
901 2095 1011 2172 snper
1029 2069 1250 2147 conserenda
1263 2069 1530 2173 onaprebenda
1541 2083 1698 2148 vacante
1711 2070 1772 2148 vel
1785 2083 1971 2162 vacatura,
1989 2069 2085 2172 qnod

397 2179 514 2280 ipsam
537 2175 755 2279 prebendam
777 2187 968 2252 vacantem
990 2174 1051 2251 vel
1073 2187 1281 2252 vacaturam
1298 2176 1333 2250 in
1350 2175 1509 2251 Ytalia
1531 2175 1698 2261 conferre
1721 2176 1895 2277 possetis,
1923 2177 2084 2275 qnoniam

399 2283 432 2358 si
453 2307 524 2382 qna
540 2279 726 2382 prebenda
741 2280 777 2354 in
794 2279 987 2355 Romana
1010 2279 1111 2355 coria
1135 2291 1298 2370 vacaret,
1325 2303 1393 2354 nou
1418 2275 1468 2354 ad
1490 2303 1558 2353 nos
1582 2277 1653 2355 sed
1670 2276 1719 2354 ad
1737 2278 1974 2356 collacionem
1991 2278 2084 2356 dom.

397 2410 493 2488 pape
510 2386 686 2486 inciperet
703 2383 892 2484 pertinere.
918 2383 1002 2458 Nos
1019 2382 1137 2482 igitur,
1157 2408 1237 2460 cnm
1252 2382 1357 2458 vobis
1375 2381 1486 2458 simus
1496 2379 1631 2474 devoti,
1650 2407 1675 2457 a
1687 2387 1793 2483 cnjus
1805 2384 2004 2484 patrocinio
2015 2381 2085 2462 de-

398 2487 534 2592 pendet
557 2487 770 2564 miserabilis
795 2487 958 2564 ecclesie
982 2497 1105 2562 nostre
1129 2495 1266 2578 status,
1300 2487 1441 2563 litteras
1463 2485 1679 2588 provisionis
1702 2487 1738 2562 in
1761 2509 1921 2588 persona
1943 2488 2084 2589 nepotis

398 2593 525 2684 vestri,
540 2590 632 2667 dom.
651 2591 830 2682 Jacobi,
839 2595 949 2691 juxta
965 2591 1200 2692 prescriptam
1217 2590 1363 2666 sormam
1381 2587 1499 2667 eidem
1516 2587 1610 2666 dom.
1628 2591 1655 2667 J
1661 2592 1803 2668 acobo
1819 2601 2000 2690 patentes,
2019 2617 2084 2668 se·

400 2693 552 2772 cundum
568 2705 725 2771 vestrum
744 2695 1018 2797 beneplacitum,
1046 2718 1126 2770 cnm
1151 2695 1272 2794 sigillo
1297 2693 1482 2794 dirigimus
1507 2692 1738 2796 dependenti.
1782 2695 1944 2770 Litteras
1969 2695 2085 2772 eciam

398 2800 592 2902 potestatis
609 2823 719 2900 super
736 2795 958 2876 conferenda
975 2795 1160 2899 prebenda
1183 2823 1255 2874 una
1275 2809 1434 2874 vacante
1457 2797 1519 2875 vel
1541 2810 1718 2876 vacatura
1740 2809 1908 2899 patentes
1932 2823 2012 2875 cum
2029 2800 2083 2874 si·

399 2903 487 3004 gillo
505 2901 723 3005 dependenti
740 2903 845 2978 vobis
869 2902 1146 2994 transmittimus,
1174 2903 1270 2978 sicut
1293 2915 1419 2979 vestre
1442 2901 1579 3004 placuit
1601 2902 1785 2978 voluntati.
1828 2901 1881 2978 lllt
1897 2901 1993 2978 sicut
2014 2927 2084 2980 vos

397 3007 574 3110 prioribus
591 3007 724 3084 nostris
740 3005 871 3084 litteris
893 3007 1110 3106 rogavimus,
1137 3007 1189 3081 ito
1209 3007 1326 3084 eciam
1346 3005 1577 3108 presentibus
1602 3005 1813 3107 suppliciter
1837 3004 2083 3108 deprecamur,

399 3123 438 3186 nt
454 3111 581 3211 gracie
596 3123 721 3188 vestre
738 3107 923 3188 desudare
944 3109 1103 3212 placeat,
1129 3108 1225 3210 quod
1249 3111 1426 3186 arbitrium
1453 3133 1519 3212 per
1542 3134 1611 3184 vos
1637 3107 1799 3211 provide,
1820 3114 1935 3210 juste,
1961 3111 2029 3188 rite
2046 3123 2085 3189 et

399 3227 529 3292 sancte
545 3215 653 3290 latum
752 3213 880 3292 sedem
897 3215 1134 3317 apostolicam
1152 3239 1201 3291 ex
1220 3227 1323 3293 certa
1339 3213 1504 3293 edenda
1520 3213 1744 3290 confirmetur
1761 3225 1799 3292 et
1811 3211 1907 3315 qnod
1923 3239 1989 3317 pru
2004 3215 2084 3317 ipso

399 3319 446 3394 ab
464 3315 593 3396 eadem
611 3239 914 3421 sodeeileputetor
928 3316 1096 3420 ydoneos
1114 3331 1301 3395 executor.

300 3751 369 3802 rvr.
503 3727 583 3805 late
605 3739 689 3804 sont
711 3729 861 3806 lorrmde
883 3726 932 3806 ad
955 3729 1169 3807 instanciam
1191 3727 1285 3806 dom.
1304 3731 1457 3807 Latini
1481 3728 1677 3810 cardinalis
1703 3742 1742 3810 et
1766 3728 1898 3808 domini
1922 3730 2085 3834 episcopi

257 3829 374 3958 eoffl’·
398 3831 594 3908 Firmani
610 3831 723 3910 lactet
766 3835 887 3910 l’rima
903 3833 975 3910 lrec
994 3847 1064 3910 est.

294 3907 384 3958 ''m''
501 3936 714 4015 Venerabili
736 3936 772 4014 in
797 3936 945 4016 Christo
967 3937 1078 4040 patri,
1102 3935 1243 4014 domino
1266 3937 1496 4040 Philippo,
1525 3935 1562 4014 d.
1589 3962 1644 4039 gr.
1669 3939 1844 4041 episcopo
1868 3938 2086 4014 Firmano.

399 4040 653 4142 rumas),
679 4039 846 4144 ejusdem
862 4043 1100 4120 miseracione
1116 4041 1254 4117 Wrot
1280 4045 1489 4144 episcopm,
1514 4039 1625 4120 fidele
1646 4042 1682 4118 in
1706 4039 1848 4118 domino
1871 4039 2086 4120 dileccionis

399 4145 606 4248 obsequium
624 4169 704 4224 cum
721 4145 853 4224 salute.
878 4143 1052 4238 Quondam
1068 4147 1267 4248 paternitas
1283 4157 1420 4240 vestra,
1439 4141 1552 4226 ducta
1568 4145 1820 4249 compassione
1837 4143 2001 4224 ecclesie
2017 4169 2085 4222 no-

400 4261 489 4342 stro,
516 4250 607 4326 omni
630 4249 770 4327 solacio
794 4247 979 4343 destitute,
1006 4259 1137 4352 sponte
1160 4275 1208 4328 ao
1230 4249 1345 4328 libere
1368 4251 1503 4328 nostris
1527 4261 1566 4330 et
1588 4249 1754 4330 ecclesie
1780 4259 1905 4326 nostre
1927 4245 2087 4326 desudat

400 4353 611 4430 utilitatibus
635 4363 673 4430 et
694 4354 831 4449 lrouori,
857 4353 1001 4455 dignum
1025 4363 1085 4431 e'st
1108 4354 1399 4433 remuneracione
1424 4353 1684 4432 ecclesiastica
1705 4377 1775 4430 vos
1791 4351 1956 4454 gaudere
1971 4364 2010 4430 et
2024 4349 2085 4430 id·

401 4453 501 4532 circo
516 4479 584 4534 nos
601 4481 665 4560 pro
683 4459 974 4536 remuneracione
990 4457 1142 4560 impensi
1165 4481 1232 4560 per
1255 4481 1323 4534 nos
1346 4457 1511 4535 beneficii
1535 4459 1750 4536 securitate
1773 4455 2001 4560 presencium
2015 4479 2086 4558 pe-

400 4557 557 4634 ternitati
573 4571 698 4640 vestre
716 4560 933 4640 conserimus
944 4571 1173 4664 potestatem,
1191 4571 1230 4638 nt
1245 4558 1466 4663 prebendam
1482 4585 1587 4638 onam
1603 4573 1736 4640 anum
1752 4561 1889 4638 Wrat.
1906 4559 2086 4652 meledo,

400 4661 1636 4867 tl:„tltlttllttttltttltltbttttlttltlt
1648 4661 2084 4846 {ttt'ttlltttt‘

401 4881 460 4946 tes
478 4869 599 4971 aliqva
613 4870 738 4946 valeat
754 4795 898 4968 edoriri,
925 4871 995 4949 bas
1011 4797 1181 4975 patepntes
1198 4794 1354 4948 littero:J
1354 4873 1460 4950 vobis
1481 4897 1561 4950 cnm
1585 4797 1708 4950 noim
1731 4871 1851 4973 sigillo
1876 4791 2084 4948 seneffi-

401 5001 479 5052 mos
497 4971 727 5076 dependenti.
750 4975 882 5054 Datum
899 4975 1173 5070 Otmucbovr,
1188 5001 1223 5052 a.
1236 4973 1329 5053 dom.
1339 4973 1692 5070 mcccxxxnn,
1711 4977 1830 5078 quinto
1847 4973 1909 5055 die
1926 4985 2084 5054 exeunte
