4594 5774
673 537 887 614 urracam
945 533 1163 610 πων.
1192 479 1433 648 cccxxrr.
1820 535 1897 618 soa

202 743 282 838 rint,
309 739 521 846 plemiaeima
546 765 594 820 aa
619 735 817 818 omnimoda
841 747 881 814 ut
904 737 1114 841 premittitur
1138 747 1312 840 perpetue
1338 735 1524 837 gaudeam
1547 739 1726 821 libertate.
1787 741 1896 822 lusor.

202 871 270 950 per
295 848 471 948 episcopo
497 855 535 922 et
561 843 719 946 capitolo
744 843 948 920 memoratis
974 841 1205 944 promittimus
1231 841 1444 937 bonafide,
1480 842 1576 944 quod
1608 871 1676 924 nos
1703 857 1741 924 et
1764 847 1897 950 primo·

203 951 348 1129 penitus
374 960 499 1026 noster
522 947 742 1040 Karolus,
776 947 935 1024 marchio
966 946 1192 1040 Morauie,
1224 947 1408 1047 nostrique
1439 971 1684 1026 soccessores
1716 962 1754 1028 et
1786 952 1896 1030 here·

229 1054 527 1156 coepiscopum,
561 1051 753 1152 capitulum
786 1059 826 1126 ct
856 1050 991 1126 clerum
1022 1049 1162 1125 Wrat.
1197 1050 1362 1127 ecclesie
1396 1051 1557 1154 pretate,
1592 1052 1723 1155 laycos
1755 1078 1897 1156 quoque

202 1153 368 1234 subditos
393 1178 625 1256 quoscunque
649 1155 685 1230 iu
711 1165 834 1230 nostro
861 1151 1013 1230 dominio
1035 1154 1249 1230 constitutor
1277 1164 1314 1231 et
1338 1153 1374 1229 in
1401 1153 1504 1231 bonia
1529 1157 1897 1260 possessionibusque

201 1257 368 1363 predicte
392 1259 533 1336 Wrat.
561 1257 726 1336 ecclesie
752 1267 1002 1334 commorantes
1038 1257 1134 1332 nollo
1166 1282 1319 1358 unquam
1351 1275 1511 1359 tempore
1537 1258 1802 1359 quomodolibet
1825 1285 1896 1363 ag·

202 1363 432 1464 gravabimus
457 1362 695 1464 peticionibus
721 1361 969 1460 poeoniorum,
996 1359 1213 1454 animalium,
1240 1385 1475 1454 annonarum,
1503 1362 1730 1454 servitutum,
1764 1375 1896 1440 vecto-

201 1491 335 1559 rarum,
362 1465 618 1557 solucionibus,
646 1463 776 1556 talliis,
805 1464 1084 1556 examinibus,
1112 1464 1299 1559 collectis,
1325 1465 1506 1566 angariis,
1532 1468 1778 1567 perangariis,
1806 1491 1896 1568 qno·

203 1593 343 1672 cunque
373 1569 512 1645 nomine
544 1575 778 1660 censeantur,
812 1579 875 1643 aut
907 1566 1150 1644 descensibus
1176 1568 1238 1644 rel
1271 1570 1495 1646 stacionibns
1529 1568 1578 1644 ad
1602 1571 1712 1645 villas
1739 1581 1777 1646 et
1802 1569 1896 1646 allo-

202 1670 265 1750 dio
291 1673 467 1776 episcopi,
495 1670 642 1773 capitoli
669 1679 706 1746 et
732 1671 896 1747 ecclesie
922 1669 1174 1773 predictorum,
1201 1670 1271 1748 sed
1296 1673 1398 1776 ipsos
1425 1683 1463 1749 et
1487 1675 1749 1774 possessiones
1776 1697 1897 1749 eorum

201 1777 236 1852 in
261 1776 482 1879 plenissimis
513 1773 738 1850 libertatibus
773 1775 1084 1868 conservabimus,
1116 1775 1289 1852 tuebimur
1318 1800 1365 1852 ac
1390 1799 1455 1878 pro
1481 1776 1616 1851 viribus
1643 1774 1894 1853 defendemus.

201 1879 243 1956 lo
275 1903 420 1980 qnorum
453 1878 601 1953 omniurn
640 1877 876 1953 testimonium
910 1877 1066 1976 sigillum
1084 1889 1255 2001 ‘nostnqm
1292 1880 1442 2001 regium
1468 1879 1698 2002 presentibus
1730 1878 1897 1956 duximus

204 1980 492 2162 appendendpm.
545 1981 678 2161 tIpatom
705 1989 886 2158 etoqctom
900 1979 1122 2160 Wrat.3qq
1145 2005 1246 2060 cuna
1271 1994 1406 2076 nostra,
1432 1981 1515 2058 idos
1541 1985 1712 2083 Augosh,
1739 2009 1774 2058 a.
1802 1980 1896 2059 doro.

203 2113 248 2163 nn
277 2109 391 2164 emmo
433 2107 543 2162 recen
582 2107 672 2160 srmo
696 2109 742 2184 qo
794 2107 975 2183 ragesrmo
1001 2109 1082 2185 qorn
1123 2139 1134 2159 .

904 2539 1195 2630 ccuxxvl.

221 2733 347 2808 tamna,
373 2733 467 2810 ttatr
487 2747 543 2797 rar
564 2733 703 2806 nomon,
730 2687 975 2808 barollmtcittqt
996 2745 1049 2792 rur
1070 2729 1218 2808 illisus
1238 2732 1291 2793 tor
1311 2729 1520 2807 hamorllohau
1540 2733 1648 2794 Recito
1673 2734 1732 2795 aut
1753 2735 1878 2799 uterer

418 2837 602 2912 lalamurcn.
623 2835 734 2897 ralrbs
756 2836 889 2896 aalma
909 2835 978 2896 itta
1000 2834 1053 2896 aul
1074 2833 1180 2895 ittera
1202 2833 1254 2894 tar
1274 2833 1430 2895 martium
1450 2833 1556 2895 Klrclm
1579 2835 1682 2896 baham

203 2987 261 3038 Aua
280 2987 337 3038 dam
356 2985 489 3054 originale
505 2987 541 3036 im
557 2987 675 3038 Archtrc
693 2987 741 3034 dar
758 2985 947 3050 Domoapttela,
970 2983 1000 3036 G.
1018 2979 1061 3035 18.
1100 2985 1155 3034 Dar
1173 2985 1263 3052 Siagal
1280 2986 1328 3034 das
1345 2986 1460 3049 Klnlgs,
1483 2999 1537 3034 ron
1554 2943 1678 3036 maloram
1696 2987 1828 3054 wacon,
1852 2989 1898 3039 mit

554 3058 639 3106 alnam
655 3055 824 3120 ouemrsgsr,
842 3056 924 3119 ltingt
941 3055 1099 3104 aaroroclrcn
1117 3067 1151 3104 au
1169 3055 1254 3105 elnam
1270 3053 1545 3121 Pergamantatrellam.

305 3222 556 3316 Johannea,
584 3220 620 3298 d.
639 3245 694 3322 gr.
713 3221 895 3298 Boemio
921 3243 989 3297 rex
1014 3244 1062 3298 ac
1085 3221 1504 3320 Lucemborgeasis
1532 3245 1668 3314 comes,
1695 3230 1810 3296 notum
1836 3220 1896 3298 l'a·
1949 3231 2026 3301 1³⁴⁰»

204 3327 318 3404 murus
335 3326 526 3418 universis,
554 3323 649 3426 qood
674 3350 742 3401 nos
769 3325 884 3400 aninm
911 3322 1108 3400 deliberato
1134 3333 1173 3400 et
1190 3379 1229 3402 ..
1255 3335 1335 3401 turo
1349 3327 1375 3418 Ι)
1403 3335 1599 3401 nostrorum
1623 3323 1788 3400 nobilium
1806 3349 1897 3403 con·

203 3429 285 3506 silio
342 3427 539 3508 recedente
577 3427 775 3504 honorabili
806 3429 894 3521 viro,
927 3425 1020 3503 dorn.
1049 3427 1204 3504 Ottoni
1237 3426 1286 3506 de
1312 3430 1489 3531 Donyn,
1531 3429 1706 3506 canonico
1738 3429 1896 3522 Wrat,

203 3457 423 3613 moechatio
450 3542 488 3609 et
512 3531 778 3634 prothonotario
804 3543 945 3624 nostro,
979 3555 1118 3608 necron
1144 3532 1221 3608 viro
1255 3531 1416 3610 discreto
1443 3533 1695 3609 Hermanno
1729 3529 1777 3608 de
1802 3531 1900 3608 Es·

204 3661 225 3712 s
265 3661 308 3729 n,
341 3635 505 3711 familiari
538 3645 576 3712 et
602 3633 803 3712 domestico
836 3645 976 3728 nostro,
1012 3632 1139 3711 danos
1170 3635 1300 3713 virorte
1331 3636 1559 3740 presencium
1590 3647 1631 3713 et
1664 3633 1898 3713 concedimus

227 3663 346 3816 ienonr
372 3749 410 3815 ct
436 3736 668 3814 omnimodam
693 3749 922 3840 potestatem,
950 3764 1028 3815 com
1054 3736 1201 3815 dilectis
1226 3739 1330 3816 nobis
1354 3738 1522 3817 fidelibus
1548 3741 1682 3816 nostris
1708 3739 1898 3816 Mwlich

203 3767 254 3920 de
280 3840 550 3944 Rydcbnrg,
589 3843 776 3919 Matheo
803 3841 852 3920 de
877 3843 1120 3944 Molheym,
1153 3843 1398 3920 Pecaconc
1425 3841 1473 3935 de
1498 3841 1896 3943 Adelongisbach,

203 3947 416 4125 Poppone
443 3943 492 4022 de
516 3947 791 4045 Hngowica,
817 3947 1066 4022 Hermanno
1094 3943 1143 4022 de
1170 3947 1415 4038 Borsnicz,
1442 3947 1675 4045 Hartongo
1702 3955 1740 4022 et
1764 3945 1896 4021 liam·

204 4051 277 4126 nol
320 4073 342 4126 o
367 4047 415 4126 de
431 4050 472 4124 N
478 4047 663 4149 ymands
681 4059 719 4126 et
735 4050 895 4125 omnibus
914 4059 952 4125 et
968 4048 1133 4148 singulis,
1156 4050 1215 4152 qui
1232 4073 1343 4152 super
1365 4049 1468 4126 bonis
1487 4047 1678 4126 reverendi
1694 4049 1729 4122 in
1748 4046 1896 4125 Christo

74 4209 82 4218 -
204 4154 331 4256 patris,
358 4151 450 4229 dom.
475 4152 693 4229 Proculai
720 4176 779 4254 ep.
797 4152 1014 4243 Wracal,
1040 4151 1212 4253 principis
1238 4163 1276 4230 et
1301 4153 1405 4229 amici
1423 4153 1535 4227 nostri
1561 4149 1697 4244 dilecti,
1726 4162 1764 4226 et
1780 4150 1898 4228 eciam

204 4255 353 4379 capitoli
387 4256 552 4380 epclesie
584 4265 796 4346 memorate,
824 4259 922 4352 jaro
948 4261 1105 4379 dooulfa
1135 4255 1197 4382 rel
1224 4256 1325 4379 'alias
1358 4255 1538 4356 quoslibet
1571 4254 1896 4430 exaccionesdseo

203 4356 737 4564 blttltttollttllf
754 4357 1796 4565 lbsttttlltllllhlltltlllhll:tlt
1818 4365 1898 4560 Ji?

204 4567 416 4666 bnscnnque
448 4563 498 4640 ad
522 4563 825 4666 disbrigacionem
857 4589 924 4642 seu
957 4565 1226 4644 libertacionem
1265 4569 1433 4644 bonomrm
1473 4563 1637 4646 ecclesie
1675 4559 1903 4666 supradicte,

203 4680 307 4773 prout
330 4677 497 4772 potemnt
522 4679 560 4746 et
577 4670 633 4746 eis
659 4680 866 4773 oportunum
881 4670 999 4745 risum
1023 4668 1045 4744 f
1057 4725 1068 4744 .
1085 4723 1125 4745 ..
1153 4667 1298 4765 edendi,
1325 4665 1547 4763 terminandi,
1573 4663 1720 4744 liniendi
1746 4675 1784 4743 ct
1804 4687 1897 4766 que·

249 4911 283 4992 t)
311 4907 371 4972 Die
396 4905 550 4973 Urhunde
571 4903 628 4972 hat
649 4905 750 4974 durch
771 4905 990 5000 Feuchtigheit
1032 4903 1157 4992 elitten,
1185 4929 1221 4974 so
1243 4905 1314 4974 dass
1336 4907 1439 4999 einige
1461 4903 1587 4973 Locha
1607 4867 1802 4972 enmonden'
1817 4901 1905 4982 sind,

311 4989 429 5060 melche
452 4991 505 5058 ich
526 4990 630 5065 durch
650 5039 732 5058 ....
753 4992 941 5060 bezeichnet
1045 5039 1058 5058 .,

1916 3299 1960 3358 Ἃ.
1977 3303 2062 3358 rom„
