4634 5762
380 514 455 592 nr
987 514 1197 588 varmum
1254 511 1395 622 xcix.
1422 514 1464 586 c.

377 721 458 814 bos,
484 729 555 820 que
578 724 701 794 nostre
723 714 839 792 bstulit
862 713 1026 794 ecclesie
1047 723 1090 791 'et
1111 713 1230 810 infert,
1255 717 1370 795 vellet
1390 718 1521 810 vitare,
1549 721 1588 793 et
1610 739 1664 792 ex
1686 715 1756 792 biis
1780 715 1935 818 potestis
1960 713 2068 793 colli·

377 845 480 927 gere,
497 821 652 922 qualiter
667 821 749 922 ipse
766 815 929 894 dominns
946 817 1177 918 archiepisco
1201 847 1244 895 ns
1254 822 1358 898 ncbis
1372 821 1408 896 in
1421 822 1523 898 heta
1534 821 1668 896 arbitrii
1684 819 1761 894 uult
1777 817 1929 898 adesse.
1955 819 2070 897 Poet-

378 924 519 1006 modnm
536 935 655 1002 autem
672 948 783 1026 super
800 933 858 1016 eo,
876 919 972 1022 quod
990 920 1154 998 domiuus
1171 847 1247 998 dux
1259 929 1336 1025 jam
1354 925 1614 1004 secundarios
1628 922 1764 1002 cecidit
1779 924 1815 1000 in
1832 923 2071 1025 penammille

379 1037 575 1110 mroarrnir
598 1027 675 1104 ouri
699 1037 737 1104 et
762 1027 1148 1106 excommunicacionis
1172 1029 1394 1108 sentenciam
1417 1054 1468 1106 ex
1490 1030 1529 1105 vi
1552 1029 1704 1121 arbitrii,
1730 1025 1826 1128 qoud
1850 1051 1920 1102 non
1943 1037 2071 1106 amat

379 1147 450 1214 nec'
479 1145 628 1212 'serrare
658 1129 828 1224 intendit,
863 1130 1073 1232 scripsimus
1105 1127 1247 1208 decano
1274 1144 1311 1209 et
1334 1134 1492 1235 capitulo
1518 1143 1639 1210 nostro
1665 1132 1759 1208 abas
1781 1133 1922 1208 litteras
1943 1131 1981 1208 ia
1997 1131 2072 1210 bec

379 1240 510 1320 verbex
536 1236 782 1336 mamas),
810 1233 846 1310 d.
865 1259 919 1335 gr.
939 1259 996 1336 ep.
1015 1235 1165 1328 Wrot,
1193 1233 1338 1313 dilectis
1354 1237 1389 1312 iu
1408 1236 1556 1316 Christo
1573 1237 1743 1316 fratribus
1761 1234 1902 1312 dondno
1919 1236 2073 1332 billic-

375 1347 445 1446 jo)
463 1353 535 1420 etc.
571 1340 738 1418 Subortis
754 1339 874 1416 licium
892 1338 1136 1439 questionibus
1154 1350 1226 1416 etc.
1246 1341 1316 1437 (N.
1334 1339 1483 1440 llClll)
1513 1341 1607 1418 sient
1624 1351 1696 1418 mm
1712 1341 1860 1416 istarum
1876 1340 2071 1418 litterarum

382 1446 539 1550 capitulo
563 1445 761 1538 missarum,
789 1469 892 1545 quam
916 1442 1056 1519 domino
1080 1443 1376 1548 archiepiscopo,
1403 1455 1506 1523 tenor
1528 1445 1565 1520 in
1587 1443 1704 1521 rodali
1724 1445 1830 1522 robis
1851 1445 1964 1521 brisso
1987 1443 2071 1548 ple·

292 1629 296 1638 ,
381 1551 462 1628 nius
480 1549 689 1629 continetur.

484 1653 550 1732 Ex
574 1649 793 1754 supradictis
819 1651 978 1726 omuibus
1001 1649 1225 1750 investigare
1248 1650 1424 1752 poteritis,
1451 1649 1546 1751 quod
1564 1649 1750 1753 predictus
1768 1649 1844 1726 dux
1861 1675 1930 1726 non
1946 1661 2072 1728 serrat

383 1757 560 1836 arbitrium
579 1781 648 1834 uec
666 1763 816 1832 servare
832 1752 993 1847 intendit,
1015 1779 1131 1856 ymmo
1148 1752 1245 1854 qnod
1262 1754 1424 1832 deterius
1442 1767 1501 1832 est
1518 1781 1692 1856 nunqnam
1708 1766 1841 1832 tsubmr
1866 1755 1962 1832 sient
1977 1779 2071 1834 nunc

283 1853 288 1865 ’
384 1861 580 1942 ecclesiam
597 1861 633 1936 in
650 1860 728 1934 suis
740 1859 882 1959 juribus
901 1869 938 1936 et
961 1858 1258 1960 possessionibus
1281 1860 1508 1959 aggravarit,
1536 1871 1573 1936 et
1593 1857 1703 1936 modo
1728 1860 1818 1936 lacit
1840 1859 2069 1936 municionem

383 1965 615 2044 interritorin
638 1963 677 2038 N
682 1962 832 2040 inensi
855 1962 890 2036 iu
914 1959 1067 2062 quadam
1084 1962 1173 2037 villa
1196 1963 1376 2057 ecclesie,
1409 1961 1510 2040 dicto
1532 1961 1746 2058 Vsldnw,
1774 1961 1825 2038 ad
1855 1968 1960 2064 cujus
1990 1962 2071 2042 loa-

346 2116 349 2131 =
384 2081 468 2148 sata
484 2065 668 2159 fodienda,
693 2067 848 2169 plancas
866 2063 1055 2144 ducendas
1072 2091 1141 2140 nun
1169 2067 1263 2142 alios
1285 2065 1355 2143 sed
1380 2067 1544 2145 ecclesie
1569 2067 1732 2144 homiues
1755 2077 1887 2142 mutum
1912 2067 2012 2169 cogit
2034 2077 2073 2146 et

384 2171 434 2252 sd
450 2170 670 2276 prestandos
688 2195 874 2272 expensas
893 2170 970 2246 suis
987 2169 1217 2262 satellitibus,
1237 2171 1295 2269 qni
1312 2171 1520 2248 municionis
1538 2172 1640 2273 operi
1657 2197 1707 2248 ex
1719 2183 1823 2274 parte
1839 2169 1955 2272 ipsius
1972 2169 2071 2274 prin·

385 2277 479 2380 cipis
496 2289 579 2352 sunt
595 2275 761 2378 prefecti.¹
806 2275 985 2351 Pretereo
999 2274 1034 2348 iu
1053 2273 1259 2350 civitatibus
1277 2286 1315 2350 et
1330 2273 1427 2350 villis
1446 2276 1580 2350 nostris
1598 2273 1803 2354 advocatas
1819 2289 1977 2368 nostros,
2003 2273 2072 2352 bo·

370 2407 503 2464 unes.
516 2381 691 2473 ecclesie,
718 2377 883 2480 probibet
900 2375 1071 2478 judicare
1094 2377 1128 2452 in
1155 2375 1433 2478 derogaciou'em
1458 2391 1496 2456 et
1520 2380 1790 2456 subversionem
1801 2381 1931 2478 jurium
1949 2389 2073 2456 nosne

386 2486 560 2578 ecclesie,
579 2491 627 2561 'et
641 2483 677 2558 iu
696 2481 900 2559 ciuitatibus
916 2481 1008 2583 ipsis
1032 2492 1070 2557 et
1085 2477 1182 2556 villis
1205 2507 1294 2557 suos
1312 2481 1464 2582 judices
1488 2483 1651 2585 precipit,
1678 2494 1717 2558 ut
1740 2494 1884 2558 nostros
1910 2483 2074 2560 hominos

379 2587 549 2690 judicent
565 2585 712 2689 preside
726 2585 836 2686 (sict)
852 2597 889 2662 et
905 2587 962 2662 sic
981 2583 1130 2662 cotfidi'e
1147 2609 1264 2662 novos
1279 2586 1493 2680 violencios,
1511 2611 1626 2662 novas
1642 2587 1793 2687 injmios
1810 2599 1847 2663 et
1865 2586 2074 2686 greum

385 2691 947 2792 indigiteoclesieiucessauter,
974 2687 1181 2767 enervando
1193 2687 1466 2790 jurisditionem
1483 2717 1632 2784 omnem,
1657 2691 1710 2766 ito
1727 2688 1823 2790 qnod
1846 2691 1918 2792 ipsi
1943 2689 2072 2768 ecole-

387 2797 445 2876 oie
467 2797 505 2872 in
521 2796 598 2872 suis
615 2794 812 2872 homibus
835 2819 904 2870 non
928 2803 1088 2870 remanet
1111 2793 1288 2894 quitquam
1306 2795 1412 2894 juris,
1440 2806 1478 2871 et
1501 2793 1692 2887 eredimus,
1719 2792 1814 2894 quod
1832 2817 1967 2894 erigere
1983 2817 2072 2896 gra·

387 2901 530 2976 uomina
546 2924 615 2976 uon
634 2898 808 2991 cessabit,
835 2895 953 2974 donee
979 2898 1184 2974 confirmato
1202 2897 1345 2974 arbitrio
1362 2898 1506 2974 babitus
1523 2899 1631 2976 fuerit
1647 2909 1834 2974 strennuus
1852 2907 1888 2974 et
1904 2895 2072 3000 ydoneus

388 3017 575 3097 executor,
599 3011 644 3080 'et'
664 3003 794 3078 utinam
816 3001 888 3078 biis
910 3001 1042 3078 babilis
1068 3001 1333 3102 gravaurinibus
1357 3015 1394 3078 et
1418 3003 1608 3080 violenciis
1632 3003 1830 3104 imponeret
1846 3001 1940 3078 dens
1955 3003 2072 3080 linem

386 3111 542 3211 Propter
557 3104 653 3208 quud
669 3135 847 3206 rogamus
863 3131 943 3198 vos,
971 3117 1009 3182 ut
1033 3131 1170 3182 omnem
1194 3131 1325 3200 curam,
1350 3104 1628 3184 'sollicitudiuem
1652 3117 1691 3182 et
1714 3103 1954 3206 diligenciam
1981 3105 2074 3183 enni

387 3214 467 3290 uisu
486 3223 524 3288 et
541 3207 660 3288 studio
677 3235 749 3286 nuo
766 3235 843 3287 cnm
861 3210 1032 3310 magistro
1048 3211 1075 3286 J
1084 3209 1257 3288 ohanne
1276 3211 1459 3286 Milonis
1477 3223 1514 3288 et
1531 3208 1624 3286 dom.
1641 3210 1846 3287 Jobauue
1864 3211 2076 3288 Muscsto

387 3317 522 3396 scabis
540 3314 725 3393 cononicis
740 3315 943 3416 apponatis,
971 3311 1067 3413 quod
1089 3312 1326 3390 medicatibus
1352 3313 1502 3390 dominis
1528 3326 1566 3390 et
1590 3313 1855 3390 venerabilibus
1872 3315 1908 3390 iu
1926 3311 2075 3393 Christo

387 3420 550 3523 patribus
567 3416 660 3495 dom.
678 3419 894 3516 Matina),
920 3417 1160 3493 Hostiensi
1183 3418 1358 3518 episeopo
1381 3416 1555 3494 cardinali
1572 3429 1611 3494 et
1627 3415 1720 3493 dom.
1745 3417 1959 3520 Philippo
1975 3419 2072 3496 llir·

389 3547 514 3600 nano
540 3523 715 3624 episeopo
741 3531 779 3596 et
802 3520 885 3596 aliis
909 3518 1061 3596 dominis
1085 3533 1123 3598 et
1139 3521 1276 3614 amicis,
1303 3546 1393 3621 quos
1415 3521 1554 3598 habere
1578 3521 1741 3622 poteritis
1762 3521 1799 3598 in
1822 3523 1932 3614 curia,
1957 3523 2073 3624 ipmn

389 3626 567 3704 arbitrium
585 3649 650 3727 per
667 3622 792 3702 sedem
810 3623 1046 3724 apostolicam
1064 3649 1113 3700 ex
1131 3635 1233 3700 certa
1250 3625 1421 3702 sciencia'
1431 3626 1655 3704 confirmetur
1672 3636 1710 3702 et
1723 3637 1760 3700 ut
1773 3627 1819 3700 ab
1833 3624 1962 3718 eadem
1979 3623 2073 3704 seda

389 3729 580 3832 deputetur
596 3727 682 3804 talis
699 3753 857 3827 persona
872 3751 936 3828 prc
953 3727 1034 3828 ipsc
1053 3729 1209 3822 arbitrio,
1235 3753 1304 3829 qne
1329 3729 1446 3832 ipsum
1470 3730 1648 3806 arbitrium
1666 3755 1745 3807 cnm
1762 3727 1959 3831 diligencie
1974 3741 2013 3808 et
2027 3728 2074 3806 n-

390 3831 521 3911 deliter
545 3837 756 3931 exequatur.
800 3829 969 3910 Ceterum
995 3830 1085 3908 licet
1106 3832 1212 3908 rubis
1237 3833 1500 3934 ascripserimu,
1528 3831 1624 3934 quod
1646 3834 1819 3934 magister
1841 3832 2074 3914 [iudaicus

389 3961 500 4039 super
521 3934 1018 4037 inpugnacione'arbitrii'ire
1043 3933 1093 4012 ad
1115 3936 1247 4012 curiam
1273 3934 1479 4028 debuisset,
1513 3935 1665 4014 nondum
1695 3949 1813 4014 umen
1842 3949 2076 4040 processerat

298 4073 321 4107 .·
390 4038 532 4141 quabdo
550 4039 760 4140 scripsimus
781 4037 928 4116 litteras
946 4039 1041 4116 istas
1066 4041 1183 4134 vobis,
1211 4039 1281 4117 scd
1297 4041 1549 4133 intelleximus,
1577 4039 1671 4142 quud
1698 4025 1815 4118 subito
1839 4043 1985 4145 arripiat
2006 4043 2077 4120 iter

390 4142 441 4219 ad
458 4145 590 4220 curiam
606 4141 786 4220 veniendi.
813 4143 896 4219 Vos
913 4153 1031 4220 tamen
1048 4156 1207 4246 tempore
1224 4143 1432 4222 intermedio
1449 4146 1484 4220 iu
1501 4147 1668 4244 negociis
1688 4146 1852 4222 ecclesie
1869 4171 1937 4222 non
1957 4171 2075 4248 agen-

390 4251 450 4364 to's
467 4248 617 4370 segnius
630 4273 716 4328 enni
730 4245 893 4326 indusria
906 4247 1078 4348 vigiletis.
1113 4249 1244 4326 Datum
1262 4247 1489 4368 Qtruuebow,
1515 4247 1624 4326 XVI.
1643 4247 1791 4326 kalend.
1809 4250 1981 4380 Arrgusti.

310 4679 341 4734 c.
440 4616 445 4624 Ι
495 4604 586 4736 lien
600 4659 720 4740 littera
735 4663 849 4740 missa
864 4660 1004 4741 dominc
1026 4662 1223 4739 Jchonui
1247 4663 1463 4740 Muscate.

249 4759 378 4892 ulma,
460 4862 469 4882 ι
487 4761 743 4885 0’Ῑ”1ι(οιιιειι),
770 4765 877 4868 dgr.
897 4778 981 4862 etc,
1007 4767 1085 4892 vir'q
1102 4765 1308 4890 prprido'et
1324 4763 1484 4888 discreto
1501 4762 1643 4888 domino
1658 4767 1686 4844 J
1694 4767 1862 4844 obauui
1879 4775 1953 4889 etc:
1974 4765 2076 4888 'No-

283 4877 292 4896 '
395 4877 533 4960 rents,
559 4863 656 4966 quod
677 4879 761 4968 post
781 4895 970 4948 recessum
991 4885 1153 4972 magistu
1171 4871 1299 4947 Petri
1321 4881 1449 4948 notam
1471 4881 1594 4964 nostu,
1621 4893 1722 4970 meru
1747 4869 1798 4946 cd
1814 4895 1883 4948 vos
1906 4893 2076 4963 meum,

259 4975 367 5032 assor.
394 4971 599 5074 negarim
617 4981 655 5048 et
670 4973 865 5052 monuimus
881 4971 976 5052 dom.
994 4973 1123 5054 ducem
1140 4975 1275 5052 Wrat.
1293 4975 1330 5054 iu
1346 4971 1408 5054 dic
1424 4986 1628 5054 suetum
1639 4975 1749 5052 Primi
1765 4987 1805 5054 et
1816 4974 1996 5054 naboon
2011 4997 2079 5079 por
