4524 5770
1014 537 1225 610 Urhundem
1272 537 1353 608 XV.
1377 537 1483 608 XVI.

1191 737 1293 824 XV.
1422 748 1426 756 '

290 943 366 1013 retr,
401 904 557 1000 risuros,
585 929 757 991 lrrbtsclct
775 943 831 992 rou
854 930 979 1002 cursor,
1008 930 1147 1005 trepton,
1176 931 1230 991 lut
1259 931 1310 990 tos
1333 929 1795 1006 tenebret-tlorlomeustitte
1818 930 1846 990 u.
1868 929 1936 992 lor.
1958 929 2036 1006 lirp
2063 931 2095 990 ln

261 1015 303 1068 '²⁰-
322 1021 384 1070 ⁰0ss
401 1033 537 1104 breslau,
559 1034 618 1092 uurl
639 1033 753 1106 truce,
781 1032 944 1096 rmnnztot
967 1033 1018 1092 ter
1040 1032 1296 1108 rreurmmcuoue
1319 1032 1351 1092 ln
1371 1031 1472 1102 Polou,
1499 1032 1583 1092 lbrcr
1603 1033 1660 1092 len
1682 1032 1760 1092 Banu
1782 1033 1833 1094 tce
1856 1032 1979 1108 llercogr
2001 1033 2095 1094 boles-

401 1135 468 1196 laus
491 1133 524 1194 ll.
552 1149 608 1199 rou
630 1135 777 1215 ltepnttr,
800 1135 852 1196 out
872 1134 973 1196 letehl
995 1134 1082 1212 repet
1103 1135 1212 1196 llrlrouo
1236 1134 1278 1196 ll.
1300 1149 1365 1196 rom
1389 1135 1433 1196 tc.
1457 1135 1577 1194 october
1598 1134 1682 1206 lucr,
1711 1136 1851 1196 emblem
1873 1135 1981 1210 lemos
2001 1135 2094 1198 Boler-

414 1237 480 1298 leuo
503 1239 567 1298 ten
588 1237 736 1300 ctrtluno
758 1237 893 1310 breslau,
925 1237 953 1296 t.
976 1237 1032 1298 llct
1056 1237 1146 1310 lecu,
1175 1251 1277 1312 mereo
1299 1237 1464 1298 lrelbeltou
1485 1239 1544 1298 not
1565 1237 1672 1298 hecbto
1695 1237 1819 1298 erlbctlt
1845 1239 1903 1298 uut
1930 1238 1993 1298 sich
2015 1239 2082 1298 sela

366 1421 375 1442 ἐ
475 1339 582 1402 llrutcr
604 1340 738 1408 llelurich
761 1340 808 1400 lll.
837 1341 885 1400 uu
907 1340 959 1400 llru
986 1354 1039 1400 aur
1060 1341 1226 1414 corculum
1252 1354 1307 1400 rou
1331 1339 1408 1398 2⁰⁰⁰
1431 1339 1513 1400 llorl
1535 1340 1659 1412 tubere,
1689 1339 1737 1400 20.
1760 1340 1915 1400 December
1938 1340 2018 1412 leel,

1147 1443 1286 1517 remum
1308 1443 1367 1502 bot.

401 1595 477 1646 -en
495 1579 554 1645 obn
572 1594 705 1662 begonem
722 1596 756 1644 rm
774 1595 891 1645 muro
909 1577 956 1645 oi·
974 1595 1149 1658 numeror·
1166 1577 1250 1646 rjr.
1268 1591 1293 1644 r.
1327 1595 1364 1644 res
1382 1595 1487 1660 eugen
1506 1605 1539 1644 on
1557 1593 1822 1660 emonem
1845 1595 1901 1644 orer
1918 1595 2007 1660 stege
2024 1605 2079 1644 voe

898 1681 1022 1732 weum'n
1041 1683 1168 1748 wmnoe,
1189 1683 1235 1732 ortt
1251 1681 1393 1748 folgenden
1412 1681 1597 1732 unocurlneo.

806 1802 832 1846 Ι.
854 1797 994 1846 marce
1015 1799 1076 1846 BCE
1097 1797 1205 1846 mm
1229 1798 1266 1844 IN
1286 1794 1401 1844 witer.

808 1884 834 1930 S.
857 1882 981 1932 leucen
1001 1883 1062 1930 DEI
1084 1883 1177 1930 elle.
1195 1913 1202 1930 .
1219 1913 1227 1932 .
1242 1914 1251 1930 .
1265 1883 1378 1930 EZNEN
1399 1882 1569 1930 enomere.

963 1972 1013 2022 ulit
1029 1973 1188 2028 ltllrksieeel
1206 1973 1253 2022 eut
1268 1973 1377 2038 gruoen
1394 1974 1522 2022 chhse.

808 2055 940 2102 SECRET
962 2053 1087 2102 lhuvsn
1107 2053 1266 2103 ARCHEPI.

776 2203 780 2212 ,
869 2199 873 2208 ,
929 2145 986 2194 Aul
1003 2147 1112 2212 grunern
1131 2143 1249 2194 Wochso
1266 2145 1294 2194 tn
1311 2145 1434 2212 weissen
1452 2145 1579 2193 wachna.

805 2227 831 2273 s.
853 2225 990 2274 l‘llloltls
1011 2225 1171 2276 raom.
1192 2227 1238 2274 Fll
1260 2225 1282 2272 0
1305 2225 1526 2274 Pmllcfloll
1547 2225 1706 2274 romum.

429 2409 433 2418 '
475 2465 479 2475 .
504 2396 684 2474 Nureriut
707 2399 882 2490 universi,
909 2411 1102 2500 presentes
1124 2400 1266 2478 litteras
1289 2401 1505 2502 inspecturi.
1533 2397 1629 2500 quud
1645 2423 1712 2474 uus
1728 2400 1965 2490 Jauusius,
1984 2397 2022 2474 d.
2039 2425 2093 2500 gr.

404 2499 691 2582 GueuueSusis
725 2503 1044 2605 archiepiscopus,
1089 2503 1352 2607 Stephanus
1388 2505 1505 2582 abbas
1538 2513 1667 2582 emere
1691 2503 1810 2580 Mario
1833 2503 2026 2580 Vratisl.
2058 2517 2097 2582 et

402 2604 577 2704 magister
600 2604 632 2682 S
638 2631 763 2707 ymon
786 2607 883 2708 prior
904 2608 1136 2709 provincialis
1160 2634 1226 2711 per
1242 2609 1428 2686 Pclouiaru
1446 2606 1579 2686 ordiris
1597 2605 1868 2686 Predicetururu
1892 2610 2095 2710 recepimus
2178 2681 2181 2689 .

403 2705 603 2782 marrdatum
622 2711 855 2812 apostolicum
876 2713 911 2786 iu
930 2712 1001 2788 hcc
1019 2713 1149 2788 rerba:
1888 2751 1891 2759 ·

296 2823 368 2872 XV1·
506 2813 706 2888 Urbanus
732 2816 946 2916 episcopus,
974 2841 1104 2892 servus
1129 2842 1313 2893 servorum
1338 2815 1416 2909 dei,
1443 2815 1641 2892 venerabili
1665 2815 1783 2907 fratri,
1818 2814 2097 2915 archiepiscopo

271 2904 386 3032 ,ἢ
405 2913 670 2993 Guezueusi
695 2929 732 2993 et
755 2916 900 2995 dilectis
923 2920 1046 2996 filiis..
1073 2921 1195 2996 abbati
1219 2931 1348 3000 sancte
1373 2921 1492 2998 Maris
1509 2918 1699 2995 Vratisl.
1724 2929 1762 2994 et
1786 2918 1887 2994 fratri
1912 2917 1942 2995 S
1950 2918 2098 3019 ymoui

304 3016 310 3030 '
403 3020 510 3122 priori
527 3021 738 3122 provinciali
762 3021 895 3098 ordinis
913 3021 1183 3101 predicatorum
1204 3027 1395 3102 Polouie
1421 3025 1572 3100 salutem
1597 3035 1635 3100 et
1657 3022 1895 3125 apostolicam
1921 3018 2098 3098 benedic·

403 3125 553 3201 cicuem.
608 3124 742 3202 Oblata
766 3128 868 3202 uobis
893 3153 942 3204 ex
969 3139 1070 3230 parte
1094 3129 1223 3204 nubilis
1244 3131 1313 3208 riri
1338 3129 1551 3206 Boleslai
1576 3126 1681 3205 ducis
1706 3124 1880 3216 Siesie,
1904 3124 2099 3201 Vratisl.

403 3227 579 3330 dyocesis
604 3231 737 3331 peticio
763 3232 984 3324 courtiuebot,
1012 3231 1108 3332 quod
1134 3233 1216 3336 ipse
1241 3232 1371 3332 dudum
1398 3258 1447 3310 ex
1473 3257 1517 3309 eo
1543 3231 1928 3308 excommunicacionis
1952 3229 2100 3306 nuccio

402 3327 593 3406 inundatus
612 3335 747 3426 extitit,
775 3334 869 3437 quod
893 3359 972 3411 cum
990 3335 1200 3436 quibusdam
1218 3337 1330 3412 suciis
1355 3337 1432 3412 suis
1451 3333 1693 3412 uenerabilem
1717 3335 1862 3410 fratrem
1879 3345 2035 3410 nostrum
2054 3389 2063 3408 .
2087 3391 2099 3408 .

405 3437 612 3536 episcopum
635 3461 704 3514 nec
729 3463 797 3512 nou
824 3494 862 3512 ..
889 3441 1106 3541 prepositum
1133 3453 1175 3516 ct
1193 3437 1417 3516 Ecardum
1441 3439 1696 3542 presbiterum,
1737 3439 1946 3516 canonicum
1971 3439 2100 3513 Vrat.

404 3540 582 3614 carcerali
600 3539 765 3616 custodie
789 3543 1015 3644 manciparit.
1069 3542 1160 3620 Cum
1184 3545 1323 3643 itaque,
1352 3545 1448 3622 sieut
1471 3541 1566 3622 idem
1585 3542 1786 3644 episcopus
1803 3568 1869 3645 per
1886 3569 1974 3618 suas
1993 3543 2103 3618 uobis

404 3641 543 3718 litteras
561 3643 748 3736 intimavit,
775 3643 967 3747 predictus
980 3647 1056 3722 dux
1072 3648 1175 3749 ipsos
1192 3648 1350 3724 libertati
1370 3649 1565 3724 restituerit
1590 3660 1627 3723 et
1651 3647 1721 3722 sibi
1745 3645 1792 3722 de
1816 3648 1946 3746 injuria
1967 3647 2103 3746 hujus-

404 3741 498 3822 modi
515 3745 674 3848 plenarie
696 3749 936 3844 satisfecerit,
964 3765 1033 3826 tam
1053 3777 1115 3852 pro
1134 3775 1177 3828 sc
1196 3777 1299 3852 qrram
1323 3775 1388 3854 pro
1413 3753 1525 3826 sociis
1552 3744 1771 3854 supradictis
1794 3751 1897 3824 nobis
1923 3749 2108 3826 humiliter

407 3849 639 3954 supplicavit,
668 3865 705 3926 ut
723 3849 841 3930 eidem
859 3851 941 3933 duci
961 3868 998 3930 et
1015 3853 1167 3955 prelatis
1193 3857 1305 3932 sociis
1324 3854 1568 3932 absoluciouis
1587 3855 1796 3931 beneficium
1814 3851 1967 3954 impendi
1985 3853 2107 3929 mise-

403 3953 591 4033 ricorditer
621 3953 881 4034 mandaremus.
934 3957 1056 4058 Ipsius
1080 3958 1187 4058 igitur
1208 3957 1537 4062 supplicaciouibus
1553 3957 1713 4036 inclinati
1730 3955 1949 4034 discrecioni
1972 3968 2109 4035 vestre

403 4085 470 4161 per
486 4059 690 4162 apostolica
708 4059 845 4164 scripta
862 4059 1087 4156 mandamus,
1115 4076 1310 4164 quatenus,
1339 4065 1371 4141 si
1394 4065 1499 4140 robis
1523 4061 1722 4140 constiterit
1744 4059 1839 4160 quod
1855 4057 1950 4140 idern
1968 4059 2111 4136 nobilis

402 4163 565 4286 prefatos
585 4163 805 4268 episcopum,
840 4167 1058 4268 prepositum
1077 4178 1114 4243 et
1131 4169 1365 4270 presbiterum
1388 4167 1495 4272 piene
1518 4165 1714 4243 restituerit
1736 4165 1892 4241 libertati
1919 4178 1957 4242 et
1974 4163 2028 4242 cis
2046 4161 2112 4244 de

405 4267 534 4366 mjuria
551 4269 755 4369 hujusmodi
772 4269 967 4372 plenariam
986 4269 1280 4349 satisfaccionem
1300 4271 1444 4348 duxerit
1459 4267 1743 4372 impendendam,
1772 4265 1910 4346 eisdem
1926 4269 2011 4346 rice
2028 4293 2112 4345 uo-

406 4381 483 4442 stra
507 4367 709 4470 hujusmodi
734 4375 978 4451 absolucicuis
997 4375 1207 4453 beneficium
1225 4381 1336 4478 juxta
1359 4375 1503 4451 sormam
1530 4375 1692 4452 ecclesie
1709 4372 1960 4476 impendentes
1977 4375 2115 4474 iujun-

405 4472 502 4571 gatis
519 4473 610 4572 ipsis
627 4477 865 4576 penitenciam
883 4479 1096 4572 salutarem,
1123 4492 1226 4582 prout
1251 4477 1447 4556 secuudum
1471 4477 1579 4554 deum
1594 4479 1785 4554 arriurarum
1806 4477 1915 4554 saluti
1931 4473 2115 4555 videritis

406 4572 595 4677 expedire.
648 4577 755 4668 Quod
779 4582 812 4654 si
836 4605 904 4655 uon
929 4609 1052 4660 omues
1077 4583 1146 4658 hiis
1166 4583 1390 4682 exequendis
1408 4581 1593 4684 potueritis
1611 4583 1809 4675 iuteresse,
1837 4593 1873 4656 tu
1898 4581 2012 4658 frater
2035 4607 2115 4657 ar-

405 4679 654 4782 chiepiscope,
674 4706 752 4758 curu
778 4708 896 4759 corum
921 4687 1036 4762 altero
1055 4711 1102 4764 ca
1119 4687 1364 4764 nichilominus
1389 4688 1594 4788 exequaris.
1647 4688 1777 4762 Datum
1802 4687 2003 4762 Viterbii
2028 4685 2116 4764 ΙΙΙ.

404 4781 489 4863 idus
506 4781 694 4874 Octobris,
721 4787 949 4886 pontificatus
972 4791 1085 4866 nostri
1101 4815 1195 4868 amco
1211 4790 1333 4891 primo.

506 4887 765 4966 Residcutibus
789 4903 906 4968 autem
932 4895 1034 4970 uobis
1057 4895 1200 4996 publice
1218 4905 1302 4971 anto
1326 4895 1425 4971 fores
1451 4893 1614 4972 ecclesie
1637 4891 1867 4970 kathedralis
1891 4895 2010 4972 scroti
2025 4894 2122 4972 Jo-

405 4991 531 5068 hauuis
548 4993 583 5068 iu
602 4992 891 5071 Vratislauia
916 4995 1049 5075 ibidem
1074 4999 1269 5100 comparuit
1291 4999 1326 5074 iu
1351 5009 1474 5076 nostra
1490 4999 1684 5100 presencia
1707 5010 1745 5078 et
1761 4999 1984 5100 plurimorum
2001 4997 2123 5078 elio-
