4634 5762
397 535 449 613 96
983 531 1194 606 Urbrnrdcb.
1260 527 1505 602 LXXXVII.

232 763 381 814 rxxxvrr
501 735 715 816 Venerabili
739 735 833 812 etin
857 732 1006 813 Christo
1033 730 1235 810 reverenda
1261 731 1353 834 patri
1377 753 1424 807 ac
1449 727 1591 806 domino
1615 727 1868 829 Plrlilippc)
1893 725 2006 828 d'gr.
2034 753 2092 830 ep.

271 845 352 930 ma,
398 843 609 920 Firmano
635 837 810 940 qnondam
834 850 953 939 apost.
980 835 1061 913 sed.
1080 839 1154 937 leg.
1174 837 1408 932 Th(omas)
1435 831 1601 933 ejusdem
1622 831 1863 907 miseracione
1888 843 1960 908 etc.
1984 829 2094 908 lide'lc

267 921 362 967 ''m'‘
398 947 433 1022 in
460 945 600 1022 domino
626 943 838 1020 dileccionis
863 941 1070 1040 obsequium
1095 965 1174 1017 cunr
1200 938 1329 1015 salute.
1382 935 1488 1028 ouon
1511 961 1576 1038 pro
1600 933 1760 1012 remedio
1783 945 1907 1010 nostre
1931 935 2094 1014 ecclesie

399 1059 525 1130 uestra
542 1047 717 1123 sanctitas
741 1044 946 1120 arbitrando
971 1043 1152 1134 decrevit,
1179 1043 1282 1119 nobis
1308 1051 1346 1116 et
1370 1040 1533 1118 ecclesie
1556 1040 1627 1142 ipsi
1655 1063 1867 1115 conversum
1895 1052 1954 1114 est
1977 1040 2012 1113 in
2037 1037 2094 1113 di·

399 1150 583 1256 spondium
603 1161 640 1226 et
656 1173 864 1249 gravamen.
899 1149 1074 1231 Dominus
1092 1147 1183 1224 enim
1199 1145 1277 1222 dux
1284 1145 1447 1236 W·rat.,
1466 1143 1627 1246 quiante
1645 1143 1823 1221 arbitrium
1841 1143 2041 1220 violencias
2058 1155 2094 1218 et

398 1253 548 1356 iujurias
568 1265 692 1334 contra
710 1253 906 1330 ecclesiam
926 1251 1136 1344 exercebat,
1152 1251 1304 1350 priorem
1320 1248 1537 1340 violenciam
1550 1271 1644 1323 nnnc
1663 1241 1939 1340 transcendens,
1959 1269 2093 1336 recun-

271 1395 274 1402 ’
399 1357 457 1436 dis
477 1359 696 1434 excessibus
714 1357 822 1435 villas
842 1355 1004 1432 ecclesie
1024 1353 1251 1456 quamplures
1269 1354 1304 1428 in
1329 1346 1504 1427 territorio
1528 1347 1921 1442 Otrnnchouiensi‚
1950 1347 2044 1448 quod
2071 1374 2095 1426 a

398 1476 557 1562 tempore
577 1465 683 1560 cujus
700 1485 768 1534 non
789 1469 892 1534 extat
909 1459 1077 1537 memoria
1096 1469 1154 1534 est
1173 1456 1337 1534 ecclesie
1355 1453 1532 1556 speciale,
1550 1479 1616 1556 per
1627 1451 1802 1553 judicium
1822 1453 1988 1530 baronum
2006 1477 2093 1530 suo·

398 1591 471 1640 nrm
487 1565 672 1666 laycourm
690 1561 827 1653 detinet
844 1571 1055 1664 occupatas,
1083 1557 1133 1636 ad
1151 1585 1295 1660 quorum
1307 1558 1537 1658 presenciam
1555 1557 1592 1634 in
1609 1553 1887 1656 derogaciorrem
1905 1557 2092 1632 universa-

397 1667 444 1743 lis
468 1667 648 1770 privilegii
673 1666 877 1757 clericalis,
902 1663 997 1766 quod
1022 1665 1056 1740 in
1082 1665 1240 1740 savorem
1266 1662 1476 1738 clericorum
1502 1673 1541 1738 et
1563 1659 1599 1738 in
1625 1657 1742 1736 odium
1759 1657 1942 1760 laycorum
1961 1673 2019 1736 est
2035 1659 2092 1734 in·
2184 1757 2188 1764 Ι

399 1768 559 1862 ductum,
592 1771 735 1846 iecerat
766 1768 980 1860 noscitari,
1012 1767 1101 1844 licet
1126 1791 1193 1843 nos
1218 1763 1266 1842 de
1293 1763 1369 1840 loro
1395 1777 1517 1842 nostro
1551 1788 1647 1842 exce
1676 1763 1825 1851 snmus,
1868 1775 2091 1856 asserentes,

423 1871 495 1948 uod
519 1897 586 1948 uos
611 1885 649 1948 et
673 1871 794 1948 clerus
812 1882 935 1948 noster
953 1895 1063 1972 super
1079 1869 1175 1944 villis
1200 1881 1237 1944 et
1254 1867 1551 1970 possessionibus
1570 1791 1734 1944 eccibsie
1751 1867 1819 1968 ipsi
1840 1863 1922 1942 duci
1940 1891 2092 1967 respon-

398 1899 488 2054 dere
507 1999 625 2053 coram
643 1975 763 2076 laycis
782 1974 918 2049 minime
938 1969 1178 2063 debebamus,
1206 1996 1316 2074 super
1333 1969 1460 2070 quibus
1477 1972 1593 2072 parati
1619 1995 1760 2048 eramus
1780 1995 1857 2048 cunr
1877 1967 2002 2074 eodem
2022 1995 2091 2046 ex·

398 2079 505 2186 periri
524 2103 643 2155 coram
656 2075 785 2178 judice
805 2077 1031 2178 competenti,
1052 2072 1210 2176 scdipsi
1233 2069 1304 2150 biis
1330 2075 1613 2176 excepcionibus
1632 2098 1700 2149 non
1719 2069 1908 2166 admissis,
1934 2097 2090 2174 posses·

399 2183 535 2258 sionem
558 2181 718 2256 uillarum
742 2177 983 2282 predictarum
1007 2173 1255 2256 dominoduci
1281 2177 1384 2252 nobis
1410 2178 1620 2254 absentibus
1648 2174 1917 2276 adjudicarunt,
1944 2169 2091 2256 tur-reliss

400 2285 479 2386 quis
496 2309 583 2362 vero
601 2285 698 2358 villis
724 2297 760 2359 et
783 2283 987 2360 civitatibus
1013 2279 1178 2382 ejusdem
1204 2280 1387 2374 territorii,
1414 2306 1505 2382 quas
1524 2277 1676 2361 nondum
1695 2281 1903 2384 occupavit,
1930 2277 2090 2358 homines

400 2388 563 2466 ecclesie
581 2387 731 2464 vexarit
748 2399 785 2464 et
803 2383 924 2466 adhuc
947 2387 1177 2462 incessanter
1192 2394 1307 2460 vexat
1328 2381 1498 2464 collectis
1526 2395 1564 2460 et
1589 2383 1848 2462 exaccionibus
1870 2381 2091 2463 intollerabi-

399 2491 493 2566 libus
517 2491 552 2566 in
577 2503 728 2584 tanturn,
756 2489 851 2590 quod
877 2515 1036 2568 necesse
1061 2485 1262 2564 sioiucolis
1285 2489 1297 2562 i
1325 2513 1462 2580 aarum,
1496 2485 1655 2564 desertis
1682 2489 1834 2592 propriis
1864 2485 2027 2567 domibus
2056 2499 2092 2567 et

400 2593 511 2694 agris,
536 2593 799 2686 habitaciones,
828 2618 896 2693 que
914 2618 982 2670 non
1003 2593 1210 2691 contingunt
1228 2514 1426 2668 eccbsiam
1443 2615 1594 2697 querere
1613 2592 1774 2682 alienas3
1801 2589 1976 2692 quosdam
1990 2611 2090 2684 xero,

398 2709 438 2775 ut
455 2697 501 2772 ab
520 2697 576 2772 cis
595 2707 826 2796 extorqueret
841 2697 1037 2800 pecunias,
1065 2693 1279 2798 captivavit,
1306 2691 1497 2772 intendens
1513 2693 1596 2796 ipse
1622 2691 1697 2770 dux
1714 2719 1781 2796 per
1797 2695 1867 2772 hec
1883 2693 2092 2799 gravamina

399 2823 466 2876 nos
490 2799 536 2874 ab
563 2801 823 2878 observacione
846 2825 913 2902 per
935 2824 1004 2874 uos
1021 2797 1085 2874 lati
1110 2797 1243 2874 arbitrii
1259 2793 1454 2890 revocare,
1482 2795 1578 2898 quod
1602 2797 1788 2876 arbitrium·
1802 2797 1896 2876 ideur
1922 2796 1996 2872 dux
2020 2821 2089 2890 nec

399 2905 571 2978 observat
587 2927 656 2978 uec
675 2903 872 2979 observare
889 2899 1050 2992 intendit,
1077 2896 1299 3003 pretendens
1316 2905 1489 3002 quasdam
1507 2901 1745 2992 occasiones,
1774 2927 1824 2980 ex
1846 2901 1969 3002 quibus
1988 2895 2088 2994 dicit,

398 3001 492 3082 idem
511 3006 688 3082 arbitrimn
704 3003 835 3084 nullum
853 3031 942 3084 esse
961 3017 998 3082 et
1015 3005 1071 3084 sic
1089 3031 1133 3084 se
1152 3003 1201 3080 ad
1217 3005 1313 3080 illius
1332 3003 1606 3082 observanciam
1628 3029 1697 3082 norr
1720 3005 1853 3096 teneri,
1881 3028 1948 3104 que
1972 3015 2090 3080 tamen

397 3132 464 3210 per
482 3109 726 3210 compromissi
743 3120 920 3201 tenorem,
948 3115 1043 3188 sicut
1058 3119 1184 3186 restra
1201 3105 1384 3184 discrecio
1402 3107 1541 3198 recolit,
1568 3118 1651 3184 sunt
1668 3108 1835 3210 explosa.
1888 3107 1973 3182 Nos
1989 3131 2089 3200 vero,

397 3211 580 3312 publicato
598 3213 741 3288 arbitrio
760 3215 856 3292 sicut
872 3211 1058 3290 debuimus
1077 3237 1127 3288 ex
1144 3211 1258 3288 sorma
1275 3209 1458 3312 ejusdem,
1484 3211 1747 3311 intelligentes,
1776 3209 1870 3312 quod
1894 3207 1990 3288 idem
2015 3209 2089 3286 dux

397 3315 514 3414 ipsum
530 3315 708 3392 arbitrium
726 3341 876 3392 servare
893 3315 1097 3394 nullatenus
1114 3313 1342 3408 intendebat,
1362 3339 1437 3434 per
1458 3329 1603 3390 nostras
1627 3325 1796 3416 patentes
1818 3313 1958 3390 litteras
1976 3313 2089 3414 signi-

398 3417 549 3507 ficamus
568 3417 724 3516 capitulo
742 3429 881 3509 nostro,
908 3419 1119 3507 abbatibus,
1147 3415 1441 3494 Predicatoubnr
1466 3429 1503 3492 et
1518 3415 1727 3496 Minoribus
1750 3417 1919 3495 iratribus
1945 3429 1982 3493 et
2006 3417 2090 3496 aliis

398 3517 581 3618 religiosis
600 3531 637 3598 et
654 3521 881 3598 secularibus
900 3521 1045 3598 clericis
1063 3531 1186 3598 nostre
1205 3519 1379 3612 civitatis,
1406 3519 1582 3622 prelatum
1606 3518 1699 3596 dom.
1720 3518 1847 3598 ducem
1873 3545 1921 3598 ex
1939 3521 1975 3596 ri
1992 3517 2089 3620 arbi-

398 3621 455 3695 trii
478 3620 514 3696 in
537 3645 665 3722 penam
684 3621 777 3697 mille
801 3647 997 3700 marcarum
1022 3623 1100 3700 auri
1123 3635 1160 3702 et
1183 3623 1218 3698 in
1243 3623 1466 3700 sentenciam
1490 3625 1877 3703 excommunicacionis
1901 3621 2088 3717 rnerdrsse,

399 3719 602 3814 adicientes
621 3723 760 3800 eisdem
779 3749 828 3802 ex
845 3736 969 3804 vestre
989 3725 1196 3826 legacionis
1222 3719 1559 3820 constitucionibus,
1587 3727 1780 3828 quemlibet
1802 3722 2090 3816 excommunica·

398 3839 468 3905 tum
494 3851 582 3904 esse
600 3825 780 3904 vitandum
803 3825 988 3904 indivinis
1006 3827 1137 3932 officiis
1165 3839 1203 3906 et
1224 3827 1324 3919 aliis,
1353 3853 1563 3932 quocunque
1587 3828 1693 3905 modo
1719 3841 1905 3906 constaret
1926 3829 2089 3940 cuipiam,

398 3929 552 4030 aliquem
577 3931 961 4008 excommunicacionis
980 3956 1069 4008 esse
1087 3926 1507 4010 sentencia-innodatum.
1560 3931 1613 4010 Et
1631 3931 1772 4039 qnidam
1791 3959 1911 4010 eorum
1925 3933 2091 4012 nolentes

397 4030 661 4134 intelligerent
686 4035 777 4116 bene
803 4048 972 4136 agerent,
999 4035 1087 4112 licet
1110 4045 1303 4115 constaret·
1320 4034 1375 4112 eis
1403 4059 1453 4111 ex
1477 4047 1601 4132 nostra
1626 4037 1899 4136 significacinne
1917 4034 2091 4113 dominum

296 4224 301 4234 ,
351 4195 355 4203 .
399 4131 528 4235 ducem
550 4138 585 4212 in
610 4139 994 4238 excommunicacionis
1020 4138 1243 4217 sentenciam
1262 4163 1311 4216 ex
1329 4139 1366 4213 ri
1390 4137 1541 4232 arbitrii,
1572 4150 1611 4216 nt
1632 4139 1874 4239 premisimus,
1901 4135 2090 4235 incidisse,

399 4241 514 4338 magis
538 4241 754 4321 affectantes
775 4238 1038 4342 ignorauciarn,
1080 4240 1233 4348 eundem
1258 4236 1386 4325 ducem
1414 4241 1518 4342 quasi
1549 4239 1679 4318 nullius
1705 4241 2091 4342 excommunicacionis

399 4352 515 4418 notam
532 4334 718 4422 incurrerit
735 4343 830 4446 apud
849 4371 937 4425 suas
956 4336 1194 4428 ecclesiastis
1213 4339 1344 4443 diuinis
1362 4341 1494 4429 officiis
1520 4339 1725 4438 admittunt,
1754 4371 1875 4424 coram
1897 4348 1983 4450 ipso'
2001 4344 2090 4422 mis·

399 4465 465 4518 sas
481 4445 624 4543 publice
643 4445 885 4526 celebrantes.
918 4449 971 4524 Et
995 4449 1158 4550 quonium
1179 4445 1246 4555 nos
1264 4443 1406 4555 proprie
1424 4443 1649 4528 defensionis
1667 4444 1826 4526 desolati
1843 4475 1965 4526 sumus
1983 4448 2090 4547 anxi—

399 4539 465 4651 iio,
493 4547 551 4646 qni
573 4551 714 4626 actibus
736 4551 870 4629 nostris
894 4576 958 4655 pro
982 4547 1227 4650 inbecillitatis
1251 4549 1460 4656 infirmitate,
1477 4551 1580 4635 nobis
1598 4550 1785 4654 prodesse
1809 4577 1882 4628 non
1897 4551 2088 4662 possimus,

400 4671 467 4746 pos
485 4659 523 4726 et
539 4663 693 4729 nostram
712 4653 909 4739 ecclesiam
927 4665 1012 4730 ante
1033 4646 1153 4761 pedes
1170 4651 1321 4753 vestros·
1331 4650 1513 4761 portianus„
1539 4653 1806 4736 lacrimabiliter
1829 4653 2088 4761 supplicantes,

400 4760 576 4850 quatenns
591 4775 660 4831 ros
675 4753 791 4835 induti·
803 4757 951 4837 riscem
973 4747 1219 4866 misericordie
1229 4753 1442 4868 {ecelesiam
1458 4759 1595 4859 ipsam,
1610 4760 1826 4864 ,prinsquam
1837 4784 1966 4938 passa
1999 4780 2090 4843 nau·

398 4851 550 4952 fragium
567 4856 602 4930 in
620 4855 697 4931 suis
709 4859 850 4954 juribus
867 4859 1009 4961 penitus
1028 4849 1294 4958 submergatur,
1321 4863 1564 4961 proteccionir
1587 4866 1714 4939 vestre
1737 4864 1834 4963 presi
1863 4865 1897 4938 ’o
1915 4857 2089 4940 subleve-

398 4956 458 5048 tis,
487 4958 812 5037 machinacionibus
830 4975 868 5038 et
883 4961 1025 5038 tumltu
1042 4987 1122 5041 eam
1141 4959 1416 5064 deprimcncium
1433 4965 1564 5044 utiliter
1581 4977 1619 5041 et
1635 4965 1828 5044 salubriter
1843 4977 2089 5054 occurrentes,
