4594 5774
842 537 1053 611 llo-lundam
1109 537 1290 610 OELXX.

956 839 1177 930 OOLXX.

279 1033 403 1105 Jobm,
426 1033 519 1107 {tots
539 1045 595 1094 ron
615 1029 752 1105 dobner,
775 1029 921 1106 betttttgt
942 1031 989 1093 tto
1011 1033 1187 1110 cnutum
1210 1035 1262 1096 tm
1283 1033 1431 1098 ttrtbnns
1453 1035 1574 1100 bretton
1595 1037 1653 1100 ont
1674 1041 1840 1118 rtrrpdcbt

865 1135 1000 1196 turolte
1023 1149 1059 1196 nn
1081 1137 1221 1198 scbttmn
1237 1131 1267 1208 ¹).

216 1285 275 1336 Aue
293 1287 351 1336 den
369 1287 501 1353 ortgtnnle
523 1287 556 1336 tm
575 1287 693 1338 Arcbtve
715 1287 763 1336 det
786 1287 961 1349 nuncapium
984 1287 1014 1338 c.
1032 1281 1076 1338 tt.
1113 1284 1167 1337 itm
1185 1284 1358 1354 Bdtomiegol
1382 1289 1429 1338 des
1451 1285 1552 1356 nortgo
1575 1243 1628 1340 rori
1652 1291 1773 1341 vetarem
1791 1293 1909 1344 Weehse

216 1373 298 1439 hirst
314 1375 473 1424 urbroctren
491 1387 524 1422 en
541 1373 819 1438 numennumen,
843 1375 888 1422 uit
905 1375 953 1424 der
970 1374 1123 1444 Umebrittr
1159 1375 1220 1424 om
1237 1373 1322 1428 (3....
1334 1375 1383 1426 EX
1400 1373 1839 1429 oo......·.nvcttn1nvnon
1845 1411 1907 1444 .....

119 1466 123 1474 ’
460 1461 507 1510 cut
522 1461 581 1510 den
597 1460 769 1524 Mffltegot:
788 1455 934 1510 ..nsstlls
951 1460 1085 1510 Romul:
1102 1462 1147 1510 ΕΤ
1165 1460 1307 1512 Comus
1325 1459 1592 1512 nr'cnnrnvnorcn
1604 1494 1613 1512 .
1625 1495 1655 1512 ..

319 1595 360 1672 lu
386 1595 524 1670 nornine
550 1591 679 1668 domini
705 1617 820 1670 amen.
872 1593 956 1668 Nos
983 1593 1230 1688 Johannes,
1259 1593 1294 1669 d.
1318 1621 1372 1694 gr.
1400 1595 1582 1671 Boernie
1602 1619 1687 1686 rex,
1715 1597 1907 1672 Lucem·

86 1791 90 1798 ¹
219 1701 460 1800 burgensis
495 1721 637 1789 comes,
672 1693 746 1770 dux
774 1706 811 1773 et
836 1693 998 1770 dominns
1024 1697 1344 1790 Wratizlanie,
1379 1695 1655 1776 considerantes
1688 1701 1908 1776 sinceritatis

216 1803 402 1893 allectum,
435 1798 530 1902 quod
562 1797 786 1876 reverendus
816 1799 851 1873 in
880 1797 1027 1878 Christo
1059 1813 1165 1902 pater
1190 1800 1283 1875 dom.
1315 1801 1617 1893 Preczslaus,
1651 1801 1907 1878 Wratizlo-

218 1906 395 1984 niensis
423 1905 631 2006 episcopus,
658 1903 761 1978 nobis
788 1900 923 1979 studuit
950 1904 1103 1981 sinceris
1130 1903 1320 1982 affectibus
1349 1905 1588 2006 complacere,
1615 1929 1701 1998 nos,
1729 1907 1907 1982 affectan-

217 2023 275 2088 tes
303 2005 438 2099 eidem,
472 2005 565 2082 dom.
599 2006 773 2108 episcopo
806 2007 864 2082 vel
899 2007 957 2106 qui
983 2031 1047 2108 pro
1073 2019 1234 2110 tempore
1267 2007 1374 2083 luerit
1407 2019 1444 2083 et
1470 2008 1644 2100 ecclesie,
1676 2007 1833 2110 capitolo
1859 2033 1906 2088 oc

217 2115 281 2190 toti
309 2113 406 2189 clero
434 2110 591 2188 seculari
619 2111 777 2187 civitatis
803 2121 840 2185 et
866 2108 1041 2211 dyocesis
1068 2109 1480 2186 Wratizlaniensis
1511 2111 1546 2185 in
1574 2121 1695 2187 nostro
1721 2111 1907 2214 temporali

218 2215 370 2293 dominio
407 2213 609 2290 constitutis
643 2223 681 2290 et
712 2213 921 2316 specialiter
951 2213 1114 2290 ecclesie
1148 2225 1270 2289 nostre
1298 2212 1602 2314 Glogouiensi
1634 2225 1740 2314 grata
1769 2215 1906 2292 favoris

218 2319 330 2396 nostri
355 2315 605 2393 vicissitudine
632 2339 823 2394 occurrere
850 2339 896 2392 ac
922 2315 1023 2417 ipsos
1049 2316 1153 2418 regia
1178 2317 1399 2416 benignitate
1424 2315 1582 2394 reddere
1609 2319 1836 2412 consolatos,
1868 2329 1907 2394 ut

188 2401 256 2501 'et
287 2421 356 2544 ipsi
390 2421 541 2520 quietem
576 2420 762 2497 consecuti
794 2431 831 2495 et
861 2443 989 2520 pacem
1021 2421 1225 2520 nostrisque
1257 2418 1372 2519 adjuti
1407 2421 1592 2498 beneficiis
1617 2421 1653 2496 in
1679 2446 1775 2524 pace
1799 2423 1906 2526 pacis

217 2525 358 2602 dommo
383 2525 530 2601 liberius
556 2523 704 2599 valeant
729 2521 910 2616 laundun,
944 2549 1068 2599 omnes
1094 2525 1261 2624 graciae,
1288 2523 1489 2624 privilegia,
1516 2523 1769 2626 indulgencias
1796 2537 1833 2603 et
1858 2525 1905 2601 li-

219 2633 379 2707 bertates
410 2652 477 2728 per
509 2651 739 2728 quoscunque
766 2626 900 2718 duces,
934 2627 1084 2703 comites
1118 2639 1155 2702 et
1188 2628 1355 2719 barones,
1381 2626 1672 2728 predecessores
1699 2639 1843 2705 nostros
1869 2629 1905 2704 in

218 2731 365 2822 civitate
392 2743 429 2807 et
455 2729 609 2833 dyocesi
636 2730 1012 2806 Wratinlauiensi
1047 2741 1084 2805 et
1110 2729 1319 2832 specialiter
1347 2753 1392 2806 ao
1417 2733 1589 2832 precipue
1615 2757 1682 2834 per
1708 2733 1801 2810 bone
1828 2755 1905 2809 me·

217 2835 327 2912 morie
345 2833 451 2910 divos
468 2835 662 2936 principeS,
682 2832 842 2910 dominos
860 2832 1116 2911 Heinricum
1134 2833 1289 2934 primum,
1308 2834 1545 2911 Henricum
1560 2835 1768 2928 secundum,
1787 2837 1905 2913 Hen-

216 2941 354 3016 ricum
387 2939 552 3031 tercium,
587 2938 824 3014 Henricnm
859 2949 1035 3037 quartum,
1070 2949 1108 3012 et
1132 2937 1370 3012 Henricum
1397 2949 1539 3013 sextum
1567 2949 1603 3014 et
1629 2939 1794 3029 ultimum,
1821 2951 1906 3014 tunc

217 3041 334 3120 duces
361 3039 533 3142 Slesye
553 3053 590 3116 et
616 3039 1206 3116 dominosWratinlauienses
1233 3055 1371 3116 necnon
1388 3064 1455 3140 per
1472 3037 1634 3114 dominos
1653 3037 1907 3117 Conradom
2039 3106 2044 3122 ,

217 3161 255 3224 et
279 3145 526 3222 Pollionem
553 3143 634 3218 olim
652 3141 769 3220 duces
796 3143 1178 3242 ologouiensest)
1206 3153 1243 3219 et
1267 3167 1334 3244 per
1350 3147 1507 3217 nost'ram
1523 3145 1752 3240 majestatem
1768 3143 1906 3242 regiam

217 3273 420 3326 concessas
449 3259 486 3323 et
511 3245 619 3321 datas
636 3272 720 3322 seu
755 3270 939 3322 concessa
965 3259 1002 3324 et
1028 3243 1133 3338 data,
1167 3257 1267 3320 rotas
1303 3255 1340 3321 et
1371 3259 1497 3344 gratas
1531 3269 1598 3321 neu
1632 3255 1712 3320 rata
1738 3255 1776 3322 et
1800 3253 1907 3344 grata

215 3352 412 3444 habenteS,
448 3375 515 3425 eas
541 3361 578 3426 et
604 3373 668 3442 ea,
696 3354 952 3450 cujuscumque
979 3349 1203 3426 continencie
1230 3359 1267 3425 et
1292 3349 1427 3424 tenoris
1454 3347 1632 3441 existunt,
1667 3347 1905 3448 recognosci·

217 3481 306 3550 mus,
333 3455 554 3545 innovamus,
583 3453 822 3554 approbamus
850 3465 886 3528 et
914 3453 1158 3530 nichilominus
1185 3477 1235 3528 ex
1259 3463 1361 3528 certa
1386 3462 1511 3526 nostra
1536 3451 1700 3528 sciencia
1724 3451 1904 3552 presenti·

216 3563 285 3635 bus
311 3557 573 3648 confirmamus,
606 3555 851 3656 promittentes
880 3553 1070 3632 bonafide
1097 3567 1134 3632 et
1160 3555 1348 3633 sinceriter
1372 3553 1407 3630 in
1434 3555 1503 3630 hiis
1531 3553 1677 3656 scriptis
1702 3552 1905 3632 reverendo

217 3665 253 3738 in
280 3659 429 3739 Christo
454 3659 558 3760 petri,
585 3657 678 3734 dom.
706 3659 972 3753 Precnslao,
999 3658 1059 3735 dei
1086 3669 1123 3735 et
1149 3659 1351 3760 apostolice
1376 3655 1480 3734 sedis
1506 3659 1634 3756 gracie
1651 3659 1904 3734 Wratizla-

216 3763 365 3842 niensi
392 3763 566 3862 episcopo
591 3759 754 3864 predicto
780 3763 939 3862 presenti
960 3773 1004 3866 ‚et
1027 3762 1214 3862 recipienti
1240 3763 1323 3840 vice
1351 3771 1388 3838 et
1413 3761 1552 3836 nomine
1571 3785 1650 3852 suo,
1678 3760 1841 3862 ecclesie
1868 3771 1917 3836 et·

218 3865 362 3970 capituli
390 3864 792 3941 Wratinlauiensis
819 3890 959 3942 necnon
986 3866 1074 3943 cleri
1101 3865 1281 3940 secularis
1307 3875 1537 3940 manutenere
1554 3887 1698 3964 semper
1723 3875 1831 3962 atque
1847 3862 1904 3937 in-

217 3969 432 4048 violabiliter
459 3979 495 4044 et
520 3967 656 4044 illibate
675 3993 824 4044 servare
848 3968 1008 4068 grecias,
1034 3965 1299 4066 indulgencias,
1322 3965 1509 4042 libertates
1528 3979 1565 4042 et
1581 3965 1772 4068 privilegia
1789 3965 1906 4041 omnio
1933 4039 1936 4046 ,

218 4069 449 4176 supradictas
475 4097 521 4148 ec
549 4071 664 4146 eciam
691 4067 900 4172 supradicta
927 4073 1206 4172 episcopumque
1238 4081 1275 4146 et
1302 4068 1491 4170 capitulum
1523 4093 1568 4144 ac
1596 4069 1728 4144 clerum
1755 4065 1904 4146 secula-

218 4202 291 4253 rem
308 4173 506 4278 predictum
523 4187 649 4250 contra
665 4198 906 4273 quoscumque
924 4198 1047 4272 reges,
1076 4171 1204 4264 duces,
1233 4171 1394 4262 comites,
1422 4173 1588 4263 barones,
1615 4181 1788 4271 tyrannos
1815 4192 1904 4271 spo-

217 4280 379 4371 liatores,
404 4277 670 4368 molestatores,
696 4276 923 4376 injuriatores
950 4287 988 4352 et
1013 4276 1280 4378 perturbatores
1306 4274 1462 4375 ipsorum
1494 4277 1750 4374 cujuscumque
1776 4269 1904 4350 condi-

218 4383 333 4462 cionis
359 4393 421 4457 ant
447 4391 564 4456 status
591 4379 773 4457 extiterint
797 4377 993 4456 defensare
1021 4404 1066 4456 ac
1092 4379 1194 4480 ipsos
1222 4389 1259 4453 et
1284 4377 1440 4478 ipsorum
1467 4377 1576 4470 bona,
1610 4387 1746 4470 terras,
1774 4383 1905 4452 statum

219 4497 257 4564 et
277 4489 363 4586 jura
389 4481 589 4560 defendere
613 4495 650 4561 et
677 4507 896 4560 conservare
923 4484 1060 4582 absque
1087 4484 1199 4557 omnis
1218 4479 1292 4556 doli
1318 4480 1487 4582 scmpulo
1513 4489 1699 4581 postquam
1723 4502 1905 4582 percepeae

219 4588 338 4682 rimus,
366 4612 433 4663 eos
451 4599 512 4662 aut
536 4586 691 4688 ipsomm
718 4585 858 4686 aliquos
885 4585 1066 4662 molestari
1094 4596 1130 4660 et
1156 4583 1352 4686 perturbari
1377 4583 1413 4658 in
1439 4583 1615 4686 personis,
1642 4580 1829 4662 rebusvel
1840 4583 1905 4681 jo·

265 4880 297 4956 1)
325 4871 498 4952 Mehrmals
520 4871 683 4964 gedruclt.
726 4874 758 4939 S.
783 4872 933 4939 Wolther
954 4869 1043 4938 Siles.
1066 4869 1197 4960 diplom.
1219 4871 1243 4938 I.
1264 4895 1298 4960 p.
1319 4868 1351 4935 6.

263 4982 298 5058 t)
323 4976 401 5040 Hier
422 4975 460 5040 ist
482 4973 608 5064 Herzog
628 4971 781 5041 Heinrich
802 4997 864 5042 ron
886 4974 1011 5066 Gloguu
1033 4973 1239 5082 ausgelassen.
1284 4967 1389 5061 Vergl.
1410 4969 1451 5035 N.
1473 4969 1649 5139 mugi
