4660 5762
272 559 279 570 ,
390 491 466 567 172
846 489 1059 563 ortum
1114 475 1357 561 CLXXHm'
1385 487 1619 560 ccxxlro.

388 685 1793 796 manserunvimenetiapudwmvemtmumuewhotm
1815 687 2080 766 cautus-'s

387 821 481 899 quos
504 821 629 874 mcum
651 794 807 872 duxerat
829 807 868 872 et
890 794 1188 894 reliqualamilia
1210 793 1278 870 fnit
1301 793 1884 896 equisouun'busetrebusaliis,
1909 805 2081 894 presente

387 901 524 978 abbate
538 901 653 1003 ipsius
670 898 894 990 monasterii,
920 922 987 1000 per
1003 895 1110 974 dum‘s
1127 899 1267 973 Wrat
1293 899 1461 974 familiam
1478 897 1657 1000 spoliatus
1680 907 1722 972 et
1736 897 1795 973 sic
1809 907 1957 999 propter
1971 894 2081 973 dese·

388 1017 484 1082 ctum
508 1025 766 1105 expensum,
799 1027 870 1102 que
893 1025 958 1103 pro
983 1011 1054 1076 tam
1078 1001 1188 1102 longo
1212 1003 1341 1078 itinere
1365 1003 1462 1078 siem
1485 1013 1546 1078 est
1568 1003 1603 1075 in
1629 1000 2008 1077 Premoustratum
2031 997 2081 1075 de

388 1107 577 1184 Puloniu
608 1130 677 1180 non
701 1101 843 1181 modice
869 1103 1106 1204 requiruntur,
1140 1117 1179 1182 et
1200 1116 1348 1207 propter
1369 1105 1504 1180 viarum
1530 1102 1757 1196 discrinriua,
1789 1115 1830 1178 nt
1852 1115 1913 1180 est
1935 1101 2080 1195 metu,

389 1234 528 1288 necnon
551 1210 635 1308 qnia
649 1206 744 1286 idem
762 1207 968 1309 prepositus
991 1206 1122 1308 pedum
1146 1209 1288 1284 laborat
1306 1207 1527 1308 egritudine,
1554 1219 1823 1308 propterquam
1845 1207 1992 1284 labores
2007 1217 2081 1282 tam

388 1312 485 1411 longi
502 1336 570 1388 non
586 1323 717 1414 posset
731 1311 870 1388 itineris
887 1311 1082 1402 sustinere,
1109 1313 1362 1412 benignitatem
1379 1323 1539 1388 vestram
1555 1335 1740 1410 rogamus,
1755 1325 1797 1384 ut
1811 1307 1978 1410 ᾐώ-
1992 1335 2080 1412 pre·

386 1415 494 1518 positi
517 1415 726 1492 absenmam
749 1439 818 1490 non
841 1414 1074 1491 voluntariam
1101 1414 1172 1492 sed
1196 1441 1246 1493 ex
1269 1415 1457 1517 premissis
1481 1415 1607 1491 causis
1629 1416 1897 1504 neemiam,
1928 1426 2079 1514 paterno

386 1519 519 1596 aueum
536 1518 675 1596 habere
692 1516 885 1618 dignemini
902 1532 1129 1594 mensutam.
1181 1518 1235 1596 Et
1258 1545 1337 1598 cnm
1361 1517 1458 1594 adeo
1476 1519 1525 1594 sit
1544 1515 1760 1608 industrius,
1787 1527 1825 1592 ut
1841 1517 1911 1592 nbi
1925 1518 1961 1592 ‘m
1977 1516 2078 1616 regi-

269 1693 275 1698 ,
385 1621 478 1698 mine
495 1621 621 1698 nmilia
637 1621 756 1723 possit
772 1622 808 1696 in
825 1623 986 1723 partibus
1004 1624 1123 1698 nosris
1142 1620 1292 1700 difficile
1308 1623 1477 1714 inveniri,
1502 1621 1539 1696 iu
1557 1625 1665 1720 eujus
1683 1622 1799 1698 eciam
1819 1622 1975 1698 bonitate
1990 1644 2077 1723 per·

386 1748 477 1802 sone
493 1749 563 1800 uon
581 1724 695 1800 solum
712 1726 962 1802 monasterium
980 1723 1076 1826 quod
1093 1727 1206 1825 regit,
1231 1749 1348 1829 ymmo
1365 1735 1476 1802 totum
1493 1723 1654 1802 ordinem
1671 1736 1831 1802 vestrum
1854 1749 1974 1800 amore
1990 1746 2076 1826 pru-

385 1829 566 1929 seqnimnr
587 1827 759 1930 speciali,
792 1829 946 1930 petimus
971 1853 996 1904 a
1019 1829 1234 1931 paternitate
1258 1840 1386 1907 vestra
1408 1854 1489 1906 cum
1510 1831 1659 1922 affectu,
1685 1853 1734 1905 ne
1756 1829 1792 1902 in
1816 1853 1884 1904 uo
1907 1827 2077 1927 regimine

384 1955 579 2032 garamen
597 1929 744 2032 abqnod
760 1931 830 2008 sibi
851 1957 918 2008 seu
936 1932 1104 2009 molestia
1118 1933 1292 2008 inferatur
1304 1934 1342 2024 ¹>

216 2357 367 2410 Μὴ.
487 2341 577 2420 ltem
594 2339 724 2420 eidem,

231 2439 355 2566 ,ἢ
488 2464 634 2540 Mestos
665 2462 825 2561 cogimur
855 2460 946 2538 inire
970 2457 1098 2538 modos
1122 2471 1162 2540 et
1181 2460 1367 2538 materiam
1398 2463 1643 2564 prosequimur
1683 2431 1841 2563 ingentis
1872 2457 2008 2538 doloris
2039 2475 2076 2536 et

385 2563 629 2650 wradtudiuis
646 2589 715 2640 nou
734 2573 938 2664 expertem,
965 2563 1177 2642 deferentes
1195 2567 1395 2642 sinceritati
1412 2578 1537 2644 vestre
1554 2579 1659 2668 poter
1675 2579 1712 2662 et
1729 2565 1871 2642 domine
1888 2589 1968 2642 cnm
1985 2565 2075 2664 que'-

384 2671 482 2758 rela,
508 2666 700 2768 quodcum
719 2691 785 2744 uos
801 2668 836 2742 in
855 2664 948 2742 dom.
966 2668 1207 2746 llenricum
1230 2667 1361 2746 ducem
1377 2668 1538 2747 Slezie
1565 2681 1602 2746 et
1625 2668 1719 2754 dom.
1737 2669 1896 2760 Wrat„
1922 2678 2075 2769 paterno

385 2772 583 2849 municione
600 2771 775 2871 legittima
789 2795 969 2873 pre-ussa
985 2781 1132 2873 propter
1147 2772 1361 2848 manifestos
1386 2784 1424 2849 et
1445 2775 1604 2849 notorius
1622 2797 1806 2850 excessus
1824 2769 2073 2847 intolerabiles
2126 2781 2132 2794 ’

385 2889 423 2954 et
440 2875 562 2951 varior
580 2875 777 2952 ecclesiam
795 2885 833 2950 et
848 2879 910 2974 jus
928 2875 1221 2952 ecclesiasticum
1234 2873 1476 2976 deprimentes
1492 2873 1875 2954 excommunicacionis
1893 2885 1931 2950 et
1946 2873 1982 2948 in
1995 2882 2072 2948 ter-

384 3004 459 3056 ram
483 2977 600 3081 ipsius
621 2973 807 3077 generalis
822 2975 1003 3056 interdicti
1026 2979 1237 3054 sentencias
1261 2979 1444 3055 tulerimus
1468 2981 1734 3066 racionabiliter
1759 2989 1866 3077 atque
1890 2975 1975 3070 rite,
2002 2999 2073 3075 que

384 3081 572 3160 sentencie
601 3079 747 3158 taudem
771 3103 837 3182 per
864 3081 1169 3183 metropolitanum
1195 3093 1352 3157 nostmm
1382 3093 1420 3159 et
1450 3107 1574 3160 omnes
1598 3083 1794 3184 episcopos
1818 3079 2008 3155 Polonie
2035 3078 2071 3154 iu

382 3185 594 3287 prouinciali
616 3181 759 3286 synodo
783 3185 982 3286 appmbate
1005 3195 1088 3260 sont
1112 3195 1150 3260 et
1166 3183 1389 3286 postmodnm
1406 3187 1622 3263 auctoritate
1641 3184 1745 3262 sedis
1762 3183 1965 3286 apostolice
1983 3205 2073 3260 con-

382 3289 539 3380 firmate,
565 3289 678 3364 frater
694 3298 819 3362 noster
835 3287 1127 3380 wilhelmus,
1155 3289 1271 3364 abbas
1289 3289 1495 3364 monasterii
1519 3315 1551 3364 s.
1569 3288 1813 3366 Vincencii
1835 3287 1950 3364 vestri
1973 3283 2073 3362 ordi·

383 3391 441 3466 uis
458 3403 582 3467 nostre
599 3389 738 3465 Wrat
755 3387 950 3490 dyocesis,
977 3391 1101 3467 timore
1125 3388 1186 3467 dei
1204 3392 1406 3493 postposito
1433 3403 1471 3468 et
1487 3393 1701 3470 reverencia
1717 3391 1892 3491 regrdari,
1920 3387 2091 3467 eundem·

383 3493 578 3595 prinoipem
595 3492 629 3567 iu
648 3515 769 3568 errore
786 3515 854 3568 suo
872 3503 998 3568 contra
1014 3493 1212 3572 ecclesiam
1230 3493 1309 3570 suis
1327 3496 1490 3571 consiliis
1515 3505 1553 3572 et
1568 3494 1864 3596 persuasionibus
1888 3495 2016 3570 retinet
2034 3502 2073 3568 et

260 3648 265 3666 .
382 3597 587 3697 subponunt,
619 3592 910 3672 communicando
933 3593 1050 3673 eidem
1075 3597 1219 3699 pnbliee
1241 3597 1278 3672 in
1301 3598 1401 3691 cibo,
1428 3609 1513 3700 potu
1539 3623 1585 3678 ac
1611 3596 1742 3674 divinis
1767 3597 1916 3689 officiis,
1942 3617 2069 3697 ymnum

382 3696 480 3800 qnod
495 3697 567 3774 hiis
584 3707 644 3774 est
661 3695 833 3790 deterius,
861 3722 980 3774 coram
997 3699 1079 3800 ipso
1097 3698 1193 3778 duce
1216 3701 1252 3776 iu
1268 3702 1388 3778 tocius
1406 3701 1495 3778 oleri
1522 3713 1560 3778 et
1575 3701 1698 3803 populi
1715 3698 1928 3777 scandalum
1951 3709 1988 3776 et
2004 3721 2071 3774 uo-

382 3813 492 3880 strum
517 3825 564 3877 oc
589 3799 849 3878 ecclesiastice
873 3797 1065 3904 discipline
1090 3813 1327 3905 contemptum
1350 3827 1491 3881 necnon
1522 3815 1559 3880 et
1584 3805 1619 3879 in
1645 3805 1760 3880 anime
1785 3827 1853 3880 sue
1876 3801 2071 3904 periculum
2224 3837 2230 3856 ι

381 3905 486 4008 qnasi
504 3904 670 3982 contione
686 3899 925 3999 celebrando,
949 3907 1266 3982 nonobstantibus
1290 3906 1466 4009 predictis
1490 3908 1688 3996 sentenciis
1705 3907 1839 3982 nostris
1863 3904 2071 4008 approbatis

380 4007 503 4086 taliter
520 4008 617 4084 siout
632 4005 853 4110 prediximus
871 4017 910 4084 et
927 4011 1042 4086 eciam
1061 4011 1277 4086 confirmatis
1295 4021 1357 4085 aut
1373 4011 1618 4112 prohibicione
1636 4009 1724 4086 dicti
1741 4007 1871 4086 domini
1888 4007 2071 4110 archiepi-

382 4112 487 4214 scopi
503 4135 571 4214 per
587 4111 714 4188 literas
731 4111 943 4213 specialiter
960 4113 1028 4188 sibi
1046 4112 1166 4206 sacto,
1193 4137 1309 4217 ymmo
1332 4139 1403 4191 nec
1427 4115 1617 4192 sentencia
1635 4110 1799 4214 ejusdem
1818 4137 1921 4213 quam
1941 4111 2070 4187 tulitin

380 4213 495 4316 ipsum
513 4213 708 4316 prinoipem
723 4238 789 4316 pro
807 4211 971 4318 dampnis
990 4225 1028 4292 et
1043 4216 1181 4316 injuriis
1200 4217 1364 4296 ecclesie
1381 4243 1461 4310 sue,
1488 4227 1559 4293 tam
1584 4241 1650 4318 per
1666 4213 1836 4294 incendia
1852 4239 1955 4316 quam
1972 4213 2070 4316 rapi-

381 4340 450 4390 nas
467 4317 707 4420 multipliciter
722 4317 904 4417 irrogatis.
939 4317 993 4395 Et
1009 4342 1079 4395 non
1097 4319 1210 4395 solum
1229 4346 1273 4397 se
1297 4322 1413 4422 ipsum
1430 4318 1501 4398 sed
1519 4321 1635 4396 eriam
1652 4319 1786 4396 fratres
1804 4344 1893 4394 snos
1909 4318 2020 4394 traxit
2034 4317 2070 4392 in

367 4419 574 4520 perniciem
598 4418 694 4499 idem
716 4421 844 4498 abbas.
896 4421 994 4498 Nam
1018 4421 1162 4526 qnidam
1179 4447 1300 4500 eorum
1317 4421 1367 4501 ad
1384 4422 1585 4501 mandatum
1604 4427 1687 4523 ejus
1704 4447 1773 4500 nou
1791 4433 1923 4499 tonitrum
1940 4421 1976 4498 in
1993 4443 2070 4498 mo-

383 4629 681 4649 *nn-...-

424 4759 457 4842 1)
485 4753 662 4850 Unstreitig
687 4760 728 4860 ist
755 4760 855 4826 dieses
883 4759 1057 4827 Schneiben
1084 4759 1355 4862 vonudemselben
1382 4761 1500 4826 Datum
1526 4763 1586 4828 wie
1614 4762 1671 4828 das
1698 4759 1875 4864 Fulgende3
1906 4759 1963 4826 dus
1989 4769 2070 4823 erote

485 4841 665 4909 emendet
685 4843 753 4910 urob
774 4843 827 4912 liin·
848 4845 911 4912 den
932 4846 1047 4912 Probet
1067 4847 1253 4913 Domrnrcus
1274 4867 1338 4912 ron
1358 4845 1583 4929 cumomni,
1605 4847 1662 4914 dus
1683 4859 1792 4912 ruente
1813 4843 1903 4938 klagt
1922 4843 1986 4910 den
2008 4841 2071 4910 dbt

486 4919 642 4994 wilhelm
662 4949 725 4994 ron
746 4927 793 4996 St.
814 4929 955 4998 Videsne
974 4931 1028 4998 bei
1048 4929 1178 4998 &calcu
1197 4953 1251 4998 uu.
1963 4965 1976 4987 ·
