4660 5762
848 507 1059 616 vemat.
1117 539 1272 616 oxon.
1404 533 1415 584 ³
1837 545 1908 622 ror

222 741 417 824 nummati
440 754 558 821 mmen
578 741 615 820 in
639 751 742 822 corte
763 739 884 820 dotium
909 743 990 823 sine
1014 741 1136 846 sigillo
1157 745 1395 839 verbotenus,
1422 743 1505 848 quio
1528 747 1728 854 inscriptis
1746 775 1825 830 enm
1841 749 1912 828 be·

221 851 310 928 bere
327 847 456 941 noluit,
482 847 554 951 ipsi
577 845 662 926 doci
678 846 854 924 nrisirnus:
1736 861 1743 876 '

327 957 482 1030 Domine
501 957 592 1039 dou,
617 957 791 1038 ecclesio,
808 979 878 1052 pue
894 979 1045 1051 semper·
1062 956 1198 1028 streete
1209 979 1360 1054 pacem
1386 951 1477 1030 iecit
1494 952 1590 1056 quud
1606 965 1739 1058 potest,
1763 970 1801 1038 et
1816 957 1912 1062 quud
1953 970 2057 1026 oxon.

222 1053 984 1160 nonpotestsibinondebetperoliquem
1000 1054 1175 1158 imputari.
1962 1035 2041 1164 ζῇ

288 1209 294 1229 ,
326 1158 433 1237 Sicut
449 1159 547 1261 prins
573 1159 715 1260 rogavit
737 1157 858 1236 odbue
883 1168 989 1258 roget
1004 1157 1092 1251 boc,
1117 1157 1213 1260 quod
1230 1169 1291 1236 est
1306 1157 1522 1238 inductivum
1539 1162 1664 1264 puois,
1691 1175 1730 1238 ot
1752 1162 1821 1242 sibi
1845 1189 1912 1242 ce·
1929 1195 1958 1266 (p
1972 1193 2012 1260 ι)
2040 1251 2043 1258 ,

225 1273 303 1340 stre
318 1261 583 1340 (ltmuebow
600 1275 639 1344 et
654 1260 900 1366 llldilsteyn
920 1286 965 1338 eo
982 1259 1088 1338 modo
1105 1287 1175 1364 quo
1192 1275 1373 1366 occupete
1388 1264 1531 1342 luerunt
1548 1291 1627 1344 cum
1647 1265 1807 1343 omnibus
1871 1295 1913 1346 s·

224 1367 449 1446 sessionibus
467 1366 630 1444 territorii
648 1365 1040 1444 (ltmuclrouiensis
1057 1377 1095 1443 et
1112 1367 1349 1472 Nyuensis
1366 1367 1547 1445 civitatum
1574 1381 1613 1448 et
1628 1370 1789 1446 villorum
1805 1395 1915 1474 pene

224 1483 264 1550 et
278 1471 391 1548 libere
407 1471 647 1548 restituentur.
771 1541 774 1548 ι

223 1622 227 1630 =
322 1573 434 1666 item,
452 1585 491 1650 ut
508 1573 669 1650 similiter
683 1573 792 1676 plene
809 1585 848 1650 et
863 1571 978 1650 libere
994 1573 1226 1650 moturum
1243 1574 1412 1652 civitates
1430 1585 1469 1652 et
1485 1599 1610 1654 omnes
1626 1575 1725 1670 ville,
1743 1601 1813 1678 qne
1831 1589 1914 1654 runt
1929 1605 1958 1674 (p
1971 1604 2012 1670 ι)

224 1689 330 1757 extre
347 1677 479 1755 dictum
496 1677 725 1768 territorium,
750 1677 787 1751 in
804 1689 927 1753 vestro
945 1673 1098 1752 dominio
1117 1679 1310 1756 constitute
1327 1689 1367 1756 et
1383 1677 1456 1756 ulie
1473 1681 1745 1782 possessiones.

328 1781 436 1873 Item,
464 1779 559 1882 quod
576 1781 640 1857 list
656 1780 842 1858 marineio
859 1780 1058 1882 patrimonii
1076 1777 1206 1858 domini
1224 1783 1387 1885 episcopi
1405 1793 1443 1861 et
1460 1783 1605 1859 eliomm
1624 1784 1885 1861 mnoneomm.
1929 1811 1958 1880 (t
1972 1808 2012 1875 o)

327 1885 435 1978 ltenr,
461 1882 558 1986 quod
575 1881 667 1962 dom.
687 1885 803 1960 ebbes
820 1911 852 1959 s.
870 1883 990 1961 ltlorie
1016 1908 1096 1962 erun
1119 1885 1197 1962 suis
1214 1885 1384 1962 frutribus
1402 1897 1441 1963 et
1456 1888 1661 1990 prepositos
1687 1888 1806 1966 soncti
1823 1885 1912 1990 Spi·
1929 1913 2013 1983 nc)

224 1989 312 2066 nitur
330 1989 433 2066 simul
451 2015 529 2066 conr
548 1987 627 2064 suis
643 1988 813 2064 frutribus
836 1987 1066 2064 restituentur
1088 1985 1138 2064 od
1162 1989 1382 2066 monasterie
1405 2014 1474 2066 roe
1492 2001 1529 2068 et
1552 1989 1602 2068 od
1619 1991 1704 2069 loce
1723 2017 1791 2069 sue
1808 2002 1846 2070 et
1863 1989 1912 2068 ed

224 2117 348 2172 omnes
364 2093 643 2195 possessiones,
670 2091 816 2168 intrusis
834 2091 965 2192 ejectis
983 2089 1032 2170 de
1049 2093 1265 2170 monasterio
1284 2105 1322 2170 et
1338 2093 1520 2216 bospitoli.

328 2195 434 2289 Item,
462 2194 558 2297 quod
574 2196 707 2274 iratres
724 2191 983 2274 Predieetores
1008 2205 1046 2272 et
1062 2193 1123 2272 ulii
1148 2195 1311 2297 religiosi
1328 2209 1557 2276 resutuontur
1579 2209 1617 2278 et
1632 2209 1847 2278 reuocentur
1863 2197 1914 2274 nd
1929 2207 1958 2276 (t
1970 2207 2012 2270 n.)

223 2301 309 2378 loon
326 2324 407 2376 sue.
1978 2321 1983 2333 ’

224 2507 234 2525 ι
278 2403 435 2584 SlItoni,
463 2399 557 2504 quod
581 2399 674 2478 dom.
701 2400 897 2504 episcopos
914 2401 1205 2482 Lubueensis
1228 2403 1436 2482 restituetur
1460 2405 1562 2482 bonis
1586 2405 1682 2498 suis,
1708 2431 1777 2506 que
1802 2404 1914 2482 hebet
1928 2411 2013 2484 (lb)

223 2531 260 2582 ιιι
337 2531 449 2582 euro.

326 2609 428 2702 item,
455 2607 550 2710 quod
566 2606 692 2684 intrusi
708 2608 911 2710 presbyteri
929 2619 967 2686 et
983 2609 1045 2686 olii
1061 2609 1096 2684 in
1114 2607 1299 2686 ecclesias
1316 2611 1566 2714 perroolrinles
1583 2611 1758 2690 eicientur
1779 2613 2013 2690 severior.)

223 2711 876 2816 postoresoclegittimirevocentnr.
1858 2741 1864 2756 ·

328 2817 434 2908 lteno,
461 2813 556 2916 quod
580 2815 615 2891 in
642 2813 793 2892 decimis
810 2816 992 2920 presentis
1009 2814 1090 2892 nuni
1108 2825 1179 2892 tom
1202 2816 1394 2944 incumpis
1412 2843 1515 2918 quem
1538 2817 1724 2896 moldretis
1741 2829 1780 2896 et
1795 2817 1911 2897 ferto·
1929 2825 2010 2898 (lb)

226 2923 329 2998 nibus
351 2917 595 3028 percipiendis
613 2943 663 2996 ex
678 2919 819 3019 integro
838 2932 875 2997 et
891 2919 1006 2996 libere
1023 2919 1232 3020 sinpliciter
1248 2944 1318 2995 non
1334 2919 1570 3024 impediuntur
1587 2919 1681 2998 dom.
1701 2923 1909 3026 episcopus,

226 3025 355 3128 preleti
373 3035 410 3102 et
427 3023 591 3100 cononici
609 3023 682 3116 sni,
708 3047 831 3100 omnes
850 3023 1010 3122 religiosi
1028 3035 1066 3098 et
1081 3033 1178 3098 totus
1197 3022 1329 3101 clerus.

328 3126 449 3230 Super
465 3123 624 3203 decimis
634 3136 752 3202 nutem
770 3125 851 3202 eniti
869 3149 980 3228 nuper
995 3125 1173 3226 preteriti,
1201 3123 1364 3230 dampnis
1382 3125 1465 3202 eliis
1483 3137 1520 3204 et
1536 3127 1692 3228 injuriis,
1720 3151 1789 3228 que
1805 3130 1910 3204 innu-
1927 3137 1957 3206 (l
1970 3133 2011 3201 b)
2113 3151 2117 3162 ·

225 3257 323 3309 mere
347 3243 429 3308 sunt
453 3230 616 3308 ecclesie
641 3228 752 3306 illotis
776 3254 802 3305 e
818 3226 957 3306 dnobus
982 3229 1084 3304 onnis
1108 3241 1146 3305 et
1163 3230 1256 3306 citro
1271 3242 1309 3308 et
1325 3255 1435 3332 super
1452 3227 1585 3308 debitis
1601 3231 1715 3334 putris
1741 3241 1779 3308 et
1794 3231 1910 3334 peimi

225 3335 357 3427 vestri,
384 3333 525 3410 domine
549 3331 643 3426 dux,
671 3333 836 3410 ecclesio
859 3344 988 3436 pereto
1013 3343 1073 3410 est
1094 3343 1252 3410 trucme
1277 3346 1315 3411 et
1332 3335 1616 3438 compromittere
1641 3359 1705 3438 pro
1721 3347 1825 3437 porte
1842 3359 1911 3412 sue

134 3445 138 3454 '
226 3441 262 3516 in
281 3437 374 3514 doru.
392 3437 701 3540 archiepiscopum
720 3447 758 3514 et
774 3435 867 3513 dom.
887 3438 1094 3540 episcopum
1112 3437 1478 3516 Ponnoniensem.
1939 3463 1942 3470 ·

328 3543 381 3618 Et
398 3565 445 3620 ne
460 3543 579 3620 littere
596 3565 621 3616 ιι
637 3539 731 3618 rede
748 3541 951 3642 apostolico
966 3541 1154 3642 impetrate
1172 3553 1411 3635 conteneant,
1436 3543 1619 3633 volumus,
1644 3552 1682 3617 ut
1705 3539 1833 3619 saltem
1853 3542 1910 3619 ci-
1927 3545 1955 3616 (ἱ
1970 3547 2025 3612 tn)

225 3647 323 3726 teoio
347 3671 413 3749 per
431 3643 581 3747 judices
607 3669 672 3722 seu
698 3655 916 3722 executores
940 3643 1140 3747 procedent
1164 3647 1271 3745 (sie),
1297 3671 1343 3724 ue
1355 3643 1548 3748 jurisdicio
1571 3645 1787 3740 annulletur,
1814 3643 1910 3746 quod

226 3775 295 3829 uon
315 3762 374 3827 est
390 3748 627 3852 impeditivum
646 3748 765 3850 pueis.
1806 3780 1810 3788 ·

72 3949 75 3954 Ι
330 3853 410 3930 lste
426 3851 617 3953 legoeione
634 3875 700 3953 per
719 3849 838 3928 dictos
854 3852 1004 3930 nroncios
1021 3863 1165 3930 nostros
1183 3877 1303 3932 eorem
1321 3851 1416 3931 duee
1433 3853 1574 3954 prolate
1590 3851 1786 3956 respondit,
1813 3849 1915 4030 prod

226 3959 321 4036 bene
337 3958 508 4060 ploeebet
524 3951 609 4048 sibi,
637 3955 721 4055 quin
735 3956 809 4031 isto
824 3956 941 4032 omnio
955 3956 1104 4033 volebat
1126 3957 1264 4034 iecere.
1316 3955 1370 4032 Et
1392 3957 1477 4056 quio
1492 3957 1610 4033 nuncii
1627 3957 1738 4032 nostri
1754 3979 1819 4058 pre
1845 3954 1908 4032 icti

227 4063 428 4139 institenrnt
444 4059 584 4136 domino
602 4056 697 4150 doci,
723 4057 818 4159 qued
834 4060 916 4160 ipse
934 4056 1010 4135 dux
1027 4084 1098 4135 nno
1114 4083 1193 4136 cunr
1210 4060 1301 4161 ipsis
1318 4060 1468 4137 nuncios
1486 4085 1573 4136 suos
1590 4061 1745 4136 mitteret
1761 4057 1810 4135 ud
1827 4083 1909 4151 nos,

167 4185 175 4212 ⁸
228 4166 288 4268 qui
305 4189 424 4242 eorem
441 4165 574 4240 nostris
592 4161 730 4239 nunciis
745 4162 780 4237 in
798 4162 992 4263 presencia
1008 4173 1131 4238 nostre
1148 4159 1280 4239 dictum
1296 4163 1512 4240 voluntatem
1530 4161 1635 4240 ducis
1650 4163 1908 4256 commemor,

227 4267 335 4347 iidem
357 4269 475 4345 nuncii
499 4267 612 4344 nostri
636 4289 715 4343 eum
739 4263 890 4341 dominis
915 4321 924 4340 .
950 4321 959 4340 .
992 4263 1041 4341 de
1072 4265 1270 4360 hebens,
1303 4263 1352 4343 de
1376 4265 1649 4344 flenrichow
1681 4263 1790 4342 etde
1814 4263 1907 4344 co-

228 4397 384 4451 menon
408 4371 596 4449 ebbetibos
622 4379 659 4446 et
682 4369 855 4470 mugistro
870 4369 897 4446 J
904 4371 1043 4445 ocobo
1069 4367 1209 4444 domino
1234 4369 1353 4471 legum
1370 4371 1503 4446 missus
1528 4369 1621 4470 (sie)
1647 4367 1780 4445 edom.
1800 4367 1907 4464 duee,

119 4485 124 4496 '
229 4475 278 4555 od
295 4501 363 4554 nos
380 4487 552 4554 venenrnt
568 4473 603 4550 in
620 4473 840 4550 liothibor
863 4471 898 4548 in
915 4469 977 4548 die
995 4497 1026 4548 s.
1045 4473 1145 4550 Petri
1162 4472 1212 4549 od
1227 4473 1381 4550 mnodo„
1433 4473 1571 4565 Quibus
1596 4473 1803 4567 obbotibus,
1828 4499 1907 4552 ntu-
1958 4493 2035 4566 osse,

230 4582 344 4682 gistro
366 4580 393 4657 J
399 4581 544 4656 eeobo
575 4587 613 4654 et
635 4578 774 4655 nunciis
797 4577 929 4652 nostris
951 4575 986 4651 in
1010 4588 1135 4652 nostro
1156 4577 1352 4679 presencie
1374 4577 1576 4656 constitutis
1597 4577 1679 4680 ipso
1703 4575 1763 4654 die
1787 4601 1906 4656 eornm
1945 4563 1969 4620 ¹·
1987 4570 2058 4636 Μ·

230 4681 439 4786 quibusdum
456 4681 625 4758 frutribus
642 4679 935 4758 Predieetoribus
952 4691 991 4757 et
1006 4679 1089 4755 eliis
1105 4680 1264 4782 pluribus
1281 4680 1426 4760 clericis
1444 4681 1669 4760 secularibus
1689 4681 1907 4759 convenien-

230 4789 327 4865 tibus
344 4800 382 4865 et
397 4784 528 4864 ibidem
545 4783 766 4877 sedentibus,
791 4784 882 4886 ipsis
900 4782 1038 4861 nunciis
1055 4781 1173 4876 ducis,
1197 4785 1310 4861 nostri
1326 4785 1444 4861 nuncii
1460 4785 1604 4886 publice
1625 4784 1681 4862 sio
1699 4783 1880 4863 dixerunt:

335 4891 508 4986 „Dondne
526 4889 711 4994 episcope,
736 4889 961 4990 legacionem
977 4897 1134 4965 vestrum
1153 4913 1271 4966 eorem
1296 4885 1389 4966 dom.
1406 4887 1502 4966 doce
1518 4888 1749 4991 pertulimus‘
1768 4899 1806 4967 et
1819 4889 1908 4968 licet

231 4995 342 5110 primo
358 4993 541 5073 videretur
557 4993 626 5072 sibi
642 4991 739 5070 nolle
756 4992 1005 5097 acquiescere,
1030 4990 1252 5095 postmodum
1269 5003 1404 5071 mutote
1418 4993 1602 5083 voluntate
1619 4990 1728 5070 (lixitr
1754 5003 1818 5088 „et
1839 5001 1908 5070 nos
