4552 5786
724 515 933 589 Urbemdea
989 511 1158 586 OOEHI.
1186 509 1340 584 (ΕΝ.
1797 509 1870 590 tel

295 721 359 798 Ne
384 721 493 822 ig'tur
516 719 691 820 aliquibus
715 717 753 793 in
778 714 918 794 dubium
945 715 1101 806 eveniat,
1135 713 1230 814 quod
1263 737 1311 790 ea
1343 711 1460 794 omnia
1491 723 1529 790 et
1560 715 1703 816 singula
1736 741 1805 817 que
1837 720 1874 794 in

195 825 406 928 prescriptis
431 825 545 900 literis
571 823 792 900 continentur
817 831 855 897 ot
879 817 967 895 dicti
992 817 1122 896 domini
1147 818 1258 894 nostri
1284 817 1448 919 episcopi
1466 817 1874 897 Wratisleniensis

196 941 234 1006 ct
258 929 391 1005 nostris
417 939 499 1004 snm
524 927 684 1026 sigillota
708 923 857 1024 sigillis,
893 937 965 998 tem
990 947 1100 1024 super
1126 921 1402 1021 recongnioione
1429 919 1527 998 leudi
1554 921 1651 1022 opidi
1676 923 1875 1026 supradicti

197 1031 415 1109 Grotlrow
447 1055 586 1108 necnon
619 1041 713 1106 terre
748 1053 813 1104 sen
846 1025 1030 1102 districtum
1063 1050 1110 1104 eo
1134 1026 1429 1128 pertinenciemm
1462 1025 1596 1126 ipsius,
1629 1051 1731 1125 quam
1765 1053 1876 1131 snper

190 1141 276 1236 jure
301 1145 507 1238 potronatus
532 1133 670 1208 nomine
697 1131 1014 1208 eeclesieWrat
1041 1155 1089 1208 ao
1113 1132 1229 1206 eciam
1255 1153 1365 1230 super
1390 1128 1484 1222 eliis,
1509 1151 1579 1228 qne
1604 1129 1639 1204 in
1665 1130 1803 1208 eisdem
1828 1133 1875 1208 li-

196 1241 285 1318 teris
311 1251 394 1315 sunt
416 1261 608 1339 expressa,
642 1233 830 1312 oblivionis
855 1232 1001 1310 delectu
1028 1232 1290 1333 quomodolibet
1314 1234 1564 1332 subjacerent,
1590 1257 1670 1328 nos,
1698 1289 1736 1309 ..
1773 1238 1875 1338 ospi-

196 1343 304 1420 trdum
330 1353 554 1420 memoratum
579 1363 717 1417 necnon
751 1337 955 1436 singulares
986 1361 1154 1438 persone,
1180 1337 1295 1439 ipsios
1327 1334 1456 1412 domini
1489 1337 1652 1438 episcopi
1678 1337 1876 1440 supradicti

197 1459 236 1524 et
265 1459 387 1524 nostro
420 1471 466 1522 ao
500 1444 663 1520 ecclesie
694 1443 832 1516 Wrat.
873 1439 1068 1516 nominibus
1102 1464 1282 1543 expresse
1315 1440 1633 1540 recongnosoimus
1665 1453 1703 1518 et
1732 1443 1876 1544 publice

197 1551 409 1652 profitemm,
435 1575 460 1623 a
483 1548 589 1622 vobis
615 1544 754 1620 domino
779 1555 902 1620 nostro
928 1555 1102 1644 umquam
1127 1569 1217 1645 rege
1242 1544 1428 1620 Boemie
1452 1545 1656 1644 vestrisque
1682 1543 1877 1622 heredibus
1906 1583 1911 1593 ·

198 1665 235 1731 et
260 1653 538 1730 successoribus
563 1648 747 1751 legittimis
772 1647 932 1725 similiter
957 1650 1102 1748 regibus
1124 1649 1304 1726 Boemie
1329 1659 1553 1724 memoratum
1579 1646 1721 1750 opidum
1738 1649 1876 1726 Grot-

196 1759 301 1834 kaw
347 1779 486 1832 necnon
525 1766 654 1829 terram
696 1775 764 1828 seu
806 1751 1002 1828 districtum
1043 1753 1178 1854 ipsius·
1198 1777 1276 1828 orrm
1317 1751 1396 1826 suis
1437 1751 1668 1852 pertinenciis
1699 1755 1877 1830 universis

198 1873 236 1939 et
269 1859 421 1959 singulis
451 1857 587 1934 babere
621 1867 658 1933 et
690 1867 814 1932 tenere
839 1854 874 1930 in
907 1854 1051 1932 lendum
1077 1869 1115 1932 et
1139 1857 1277 1932 nomine
1302 1855 1379 1931 veri
1404 1853 1516 1948 leudi,
1550 1880 1688 1956 vosque
1723 1867 1761 1934 et
1789 1881 1877 1934 eos·

197 1963 278 2040 dem
304 1973 450 2039 vestros
475 1958 633 2038 heredes
667 1984 733 2036 seu
760 1960 875 2036 eciam
900 1983 1154 2050 successores,
1188 1983 1276 2036 esse
1301 1983 1411 2036 veros
1435 1970 1606 2060 patronos
1640 1961 1778 2038 nomine
1811 1985 1877 2038 ec·

199 2067 316 2144 clesie
348 2060 471 2142 nostre
502 2064 646 2167 prefate
678 2067 788 2162 juxta
820 2061 1095 2164 prescriptorum
1130 2065 1307 2140 literarum
1342 2063 1600 2140 continenciam
1640 2078 1678 2140 et
1707 2078 1876 2158 tenorem,

199 2171 314 2272 parati
344 2193 483 2269 quoque
517 2193 640 2244 sumus
672 2167 828 2267 proliteri
862 2177 899 2242 et
929 2189 1221 2266 recongnoscere
1252 2165 1454 2243 efficaciter
1478 2167 1549 2242 lroo
1573 2168 1688 2267 ipsum
1719 2169 1754 2243 in
1780 2169 1878 2244 fotu·

201 2299 272 2348 rnm
298 2273 389 2349 omni
415 2284 573 2372 tempore
600 2269 741 2346 dondno
767 2267 1003 2348 concedente.
1055 2270 1097 2344 ln
1122 2275 1228 2370 cujus
1254 2269 1306 2346 rei
1331 2269 1565 2346 testimoninm
1593 2281 1630 2345 et
1655 2271 1878 2350 evidenoiarn

199 2377 392 2480 pleniorem
418 2376 572 2476 sigillum
597 2379 714 2474 majus
741 2373 887 2474 capituli
911 2373 1022 2448 nostri
1048 2371 1199 2474 predicti
1224 2373 1452 2474 presentibus
1473 2385 1531 2450 est
1548 2397 1756 2476 appensum.
1798 2375 1879 2450 Do·

200 2493 269 2556 tum
301 2479 608 2556 Wrntislanie
645 2479 680 2554 in
713 2477 870 2578 capitulo
904 2489 1043 2568 nostro,
1083 2477 1190 2552 Vlll.
1221 2475 1370 2552 kalend.
1403 2475 1590 2576 Octobris,
1626 2503 1718 2554 anno
1750 2478 1879 2554 domini

198 2583 384 2660 millesimo
410 2581 600 2662 eccm.
627 2582 855 2683 presentibus
881 2578 1031 2654 dominis
1057 2578 1339 2658 Cuncnlrone
1371 2576 1420 2678 de
1446 2578 1699 2659 Schellraw
1724 2581 1878 2675 deceno,

200 2687 393 2762 Nicolao
421 2684 468 2762 de
486 2681 789 2763 Schelndorls
811 2695 958 2761 cantore
976 2681 1296 2782 Glogoniensi,
1324 2683 1518 2760 Nicolno
1536 2682 1585 2761 de
1602 2686 1879 2764 Pewtwins·

201 2787 328 2865 doris
362 2788 618 2866 archidiacono
649 2787 981 2888 Iregniocensi,
1024 2785 1221 2862 Martino
1259 2787 1490 2878 Auserem,
1534 2783 1669 2865 Petro
1703 2788 1752 2867 de
1785 2790 1878 2867 Go-

201 2895 343 2984 stina,
368 2893 575 2969 Johanne
600 2891 649 2970 de
666 2891 841 2978 hobel,
869 2888 1074 2967 Conrado
1092 2889 1450 2980 delloenstette,
1477 2891 1687 2992 Dytmaro
1714 2893 1763 2970 de
1783 2895 1878 2971 nte-

200 2997 441 3088 lrembacb,
468 2995 672 3072 Beldone
699 2993 747 3072 de
773 2995 953 3068 Pruska
986 3004 1024 3069 et
1048 2993 1223 3073 Jacobo
1248 2993 1497 3091 Augustini
1530 2973 1715 3071 canonicis
1746 2999 1879 3074 nostris

201 3099 657 3278 erdltislaoiensium
695 3097 934 3174 ecclesiarum
972 3107 1010 3173 et
1045 3097 1255 3174 Jobenne
1288 3094 1514 3198 Comploti
1557 3098 1693 3173 nonno
1733 3099 1879 3200 capimli

202 3231 222 3279 s
271 3229 288 3278 r
337 3203 411 3279 'cti

223 3229 269 3305 up
303 3306 357 3384 ldt
380 3303 464 3380 hnic
489 3309 650 3378 seconde
675 3301 779 3378 litere
805 3327 907 3378 unum
933 3300 1120 3380 dumtaxat
1144 3303 1298 3404 sigillum
1323 3304 1359 3378 in
1377 3301 1527 3382 cordula
1551 3305 1673 3382 serica
1690 3305 1816 3382 viridis
1842 3319 1881 3384 et

202 3411 302 3486 rubei
327 3408 459 3486 eoloris
484 3406 587 3482 simul
613 3406 732 3482 mixtis
757 3406 823 3481 luit
847 3427 1055 3508 appensum,
1082 3405 1176 3508 qnod
1203 3409 1415 3485 cernebatur
1440 3431 1529 3485 esse
1554 3409 1707 3508 sigillum
1734 3409 1880 3512 capituli

203 3513 366 3594 ecclesie
382 3509 807 3599 Wrotislauiensis,
834 3511 947 3588 tercio
973 3511 1094 3610 sigillo
1121 3537 1231 3614 supra
1255 3523 1339 3612 post
1362 3511 1507 3613 primam
1532 3511 1668 3588 literam
1694 3510 1879 3615 descripto

203 3619 340 3696 omnino
372 3616 487 3694 simile
519 3625 558 3691 et
579 3614 662 3690 inibi
691 3612 885 3716 descriptis
910 3615 1116 3716 sculpturis,
1150 3613 1385 3716 ymaginibus,
1411 3615 1657 3692 oerecteribus
1692 3641 1738 3694 ao
1764 3617 1878 3693 literis

203 3721 418 3822 mpitalibus
443 3730 482 3796 et
507 3719 641 3796 ceteris
665 3718 702 3794 in
728 3741 773 3796 eo
800 3719 978 3796 contentis
1002 3719 1110 3820 plene
1136 3719 1355 3796 conveniens
1381 3729 1420 3796 et
1444 3717 1681 3796 concordans.

305 4028 442 4108 'neree
466 4049 554 4103 vero
579 4028 683 4104 litere
710 4025 759 4103 de
785 4051 857 4128 que
881 4051 992 4128 supra
1016 4027 1056 4100 fit
1081 4026 1219 4102 mencio
1245 4027 1404 4127 seqnitur
1427 4039 1530 4106 tenor
1555 4041 1593 4104 et
1618 4037 1678 4105 est
1701 4027 1804 4104 talis:

312 4133 385 4222 ¹)ln
417 4131 555 4208 nonnine
585 4129 715 4208 domini
746 4155 860 4208 amen.
913 4131 997 4206 Nos
1022 4129 1298 4222 Precnlaus,
1331 4129 1444 4232 dgr.
1471 4137 1683 4234 episcopus,
1711 4132 1879 4208 Petrus
1914 4143 2026 4198 ccclv·

204 4233 253 4314 de
278 4238 401 4312 hune
424 4233 640 4338 prepositus,
672 4233 909 4311 Jolrannes
936 4231 985 4310 de
1010 4233 1359 4310 Lotbomusclril
1386 4245 1511 4312 centor
1534 4247 1713 4336 totumque
1739 4236 1879 4338 capitu-
1912 4225 2025 4354 33³3„

203 4339 273 4416 lum
298 4341 435 4416 Wrat
463 4338 626 4418 ecclesie
651 4348 768 4412 notum
794 4338 945 4415 facinus
971 4347 1096 4414 tenme
1118 4339 1344 4439 presencium
1362 4339 1560 4431 universis,
1577 4336 1673 4439 quod
1691 4364 1770 4417 oum
1788 4341 1881 4418 bone
1947 4337 1955 4352 '
2026 4335 2034 4352 ’

204 4441 370 4522 memorie
394 4442 444 4518 ill.
467 4444 637 4545 princeps
668 4439 761 4517 dom.
787 4441 1057 4532 Bolenlaus,
1091 4438 1265 4541 qnondam
1292 4439 1367 4516 dux
1393 4441 1552 4520 Slezie
1584 4453 1622 4518 et
1647 4441 1740 4519 don.
1766 4444 1880 4522 Bre-

206 4546 373 4650 gensis,
406 4543 487 4620 dum
511 4548 652 4624 viveret
676 4541 818 4648 opidum
844 4544 1059 4622 Grotkow
1085 4569 1166 4621 cum
1189 4556 1305 4637 terra,
1339 4543 1521 4638 disbictu,
1554 4547 1809 4624 municionibus
1833 4571 1880 4626 ec

206 4651 366 4728 omnibus
392 4647 473 4724 aliis
499 4661 535 4725 et
561 4651 713 4751 singulis
738 4648 920 4751 grenieiis,
946 4647 1063 4741 metis,
1089 4648 1405 4744 circumferenciis,
1425 4651 1567 4750 juribus
1592 4659 1631 4726 et
1652 4651 1880 4753 pertinenciis

208 4754 298 4849 suis,
324 4749 430 4854 quod,
457 4777 548 4852 quas
573 4767 705 4855 etque
730 4779 755 4830 a
781 4753 881 4831 clare
906 4749 1175 4830 recordacionis
1198 4753 1388 4854 magnifico
1420 4765 1458 4832 et
1483 4753 1689 4834 excellente
1721 4755 1881 4858 principe

253 4981 287 5060 1)
315 4967 487 5040 Mehumuls
507 4969 670 5065 gedrueltl,
690 4997 713 5040 a.
736 4969 885 5042 Walther
905 4969 1016 5040 Sileeie
1036 4973 1168 5068 diplom.
1188 4974 1212 5056 l,
1234 4997 1265 5064 p.
1285 4973 1317 5040 θ.
