4552 5786
405 519 482 598 348
899 521 1108 596 Urhoadem
1171 521 1265 594 CCC.
1293 521 1413 596 0001.
1443 520 1585 598 (0011.
1649 593 1653 608 ,

405 727 516 806 nostri
539 725 657 804 Jhesu
683 724 820 805 Christi
846 735 884 802 et
909 725 983 802 alia
1008 751 1039 800 s.
1065 726 1242 803 Johauuis
1269 727 1435 828 baptiste,
1463 737 1501 804 et
1524 751 1656 830 ymago
1682 753 1715 803 s.
1734 725 1913 804 dohannis
1940 729 2086 830 sculpta

406 843 487 910 erat
510 857 536 906 a
561 829 701 908 dextris
726 830 904 930 ymaginis
930 829 1084 922 Christi,
1111 833 1178 906 suh
1202 831 1370 932 ymagine
1395 855 1482 907 vero
1495 830 1633 909 Christi
1659 831 1725 906 luit
1750 829 1908 933 depicta,
1935 845 1975 906 ut
2000 857 2086 910 cer·

405 936 568 1014 uentibus
593 959 769 1035 apparere
795 934 917 1034 potuit,
944 931 1096 1034 quedam
1122 935 1271 1010 huminis
1303 935 1485 1026 elevacio,
1520 936 1650 1036 inquo
1676 959 1808 1038 ymago
1835 961 1868 1010 s.
1893 935 2085 1030 Johannis,

406 1039 561 1118 elevatis
586 1038 746 1114 manibus
770 1038 971 1139 ymaginem
997 1035 1132 1116 Christi
1161 1039 1345 1140 baptizare
1372 1036 1598 1138 designatur,
1634 1051 1672 1116 ct
1703 1039 1851 1142 insuper
1880 1065 1992 1142 super
2017 1063 2085 1117 ca·

406 1156 469 1247 put
491 1142 668 1246 ymaginis
701 1140 838 1219 Christi
870 1139 1018 1243 depicta
1049 1141 1116 1216 fuit
1141 1140 1293 1242 quedem
1319 1143 1483 1219 columba
1508 1143 1665 1219 extentis
1691 1142 1778 1234 alis,
1812 1145 1916 1242 quasi
1941 1143 2084 1236 volans,

300 1257 311 1266 ‘
405 1259 533 1324 oeoeus
558 1257 707 1320 rustmm
733 1269 864 1321 versus
897 1243 1009 1320 etad
1034 1244 1154 1348 capud
1178 1246 1358 1348 ymaginis
1384 1245 1522 1325 Christi
1549 1258 1586 1322 et
1609 1246 1644 1320 iu
1669 1246 1783 1348 ipsius
1802 1247 1913 1346 sigilli
1931 1248 2085 1324 circum-

406 1350 567 1428 lerencia
608 1349 680 1426 hee
717 1339 822 1426 litere
871 1349 1048 1450 capitales
1086 1351 1310 1449 legebantur.
1382 1355 1420 1426 S.
1459 1353 1623 1450 Capitoli
1663 1357 1932 1427 Wratiztoateu
1970 1357 2087 1427 lisele

264 1521 270 1534 .
357 1457 361 1468 '
406 1459 473 1531 Sci
496 1457 580 1530 Jola

274 1775 361 1829 0001.

251 1857 379 1996 ulit,

509 1763 633 1840 Tenor
653 1785 741 1840 vero
768 1760 931 1839 secunde
955 1761 1059 1838 litere
1085 1762 1243 1862 sequitur
1268 1771 1306 1838 et
1332 1771 1392 1838 est
1417 1761 1520 1838 talis:
1552 1761 1796 1841 Sererrissimo
1822 1762 1989 1865 principi,
2015 1762 2086 1839 du-

406 1867 498 1944 nriuo
520 1867 706 1958 Karolo,
735 1864 857 1942 diviua
881 1867 1028 1943 favente
1053 1866 1252 1942 clemencia
1268 1866 1553 1942 Romanorum
1572 1867 1774 1969 imperatori
1800 1891 1944 1969 semper
1966 1891 2084 1968 cogu-

406 1982 464 2048 sto
490 1981 528 2048 et
553 1971 733 2046 Boemie
759 1971 855 2070 regi,
887 1970 1120 2046 invictissimo
1147 1969 1285 2046 domiuo
1311 1981 1432 2045 nostro
1457 1971 1644 2069 gracioso,
1679 1971 1844 2047 Petrus
1878 1969 1927 2047 dc
1960 1971 2085 2046 Luna

406 2075 621 2178 prepositus,
648 2073 877 2150 Johannes
904 2072 952 2149 dc
969 2071 1172 2150 Sedleca
1198 2071 1372 2166 decanus,
1398 2072 1608 2150 Andreas
1633 2073 1682 2150 de
1699 2075 1968 2151 Raslawica
1993 2099 2084 2152 can-

406 2191 462 2256 tor
494 2188 532 2255 et
563 2177 788 2253 Nicotaus
821 2174 869 2252 de
903 2175 1120 2253 Pouwicu
1155 2189 1282 2253 custos
1312 2188 1490 2277 totumque
1522 2178 1712 2279 capitulum
1744 2178 1907 2256 ecclesie
1941 2179 2084 2254 Wrat

407 2281 528 2360 devoti
553 2281 669 2383 ipsius
695 2304 773 2357 cum
798 2276 1154 2356 recommendacioue
1178 2281 1380 2356 oracionum
1405 2307 1547 2356 suanum
1573 2282 1725 2358 salutem
1751 2294 1789 2361 et
1814 2295 1884 2356 tam
1902 2285 2084 2383 presentis

406 2387 480 2463 vite
506 2383 673 2485 gaudium
699 2408 800 2484 quam
828 2384 954 2458 sumre.
991 2382 1233 2460 Sereuissim
1258 2384 1426 2486 princeps
1453 2396 1492 2460 et
1516 2383 1656 2462 domiue
1683 2386 1866 2486 graciose,
1894 2386 2084 2463 excelleu-

407 2491 466 2568 cia
490 2500 615 2565 vestra
639 2511 752 2564 nosse
777 2486 959 2586 dignetur,
993 2485 1088 2586 quod
1118 2485 1254 2588 pridem
1284 2488 1501 2564 venerabilis
1532 2489 1568 2564 in
1595 2488 1741 2566 Christo
1767 2500 1872 2590 pater
1906 2499 1944 2565 et
1969 2487 2084 2566 domi-

406 2619 475 2670 uus
499 2603 633 2685 noster,
660 2588 752 2666 dom.
770 2591 1021 2666 Precalaus
1047 2615 1104 2692 ep.
1124 2591 1261 2666 Wrat.
1290 2617 1360 2666 uuo
1376 2593 1559 2668 nobiscum
1585 2617 1695 2693 super
1711 2591 1821 2670 leudo
1839 2591 1935 2694 opidi
1951 2592 2082 2669 Grot-

317 2686 322 2700 ’
406 2699 509 2774 kaw
535 2721 613 2772 cum
638 2705 735 2771 terra
760 2703 798 2771 ct
823 2692 986 2770 districtu
1012 2718 1058 2770 ac
1085 2695 1246 2770 omnibus
1272 2707 1310 2772 et
1335 2695 1487 2794 siugulis
1513 2696 1655 2795 juribus
1681 2709 1719 2772 et
1743 2697 1974 2798 pertinenciis
2005 2699 2081 2772 sois

265 3634 366 3692 occa

251 3717 380 3845 riht.

407 2823 545 2877 necnon
571 2823 680 2900 super
703 2809 890 2900 patronatu
917 2822 983 2874 aco
1004 2802 1296 2899 jurepatronatus
1322 2799 1459 2874 uomiue
1486 2798 1650 2875 ecclesie
1674 2800 1814 2875 Wrat.
1847 2797 2009 2900 predicte
2033 2800 2080 2875 li-

406 2918 506 2982 teras
524 2902 809 3002 reconguicionis
834 2911 1013 3002 potentes,
1039 2902 1154 3002 ipsius
1180 2901 1309 2978 domini
1334 2903 1445 2977 nostri
1472 2903 1634 3004 episcopi
1662 2913 1699 2978 et
1724 2915 1846 2978 nostro
1873 2903 2007 3003 sigillis
2027 2905 2081 2979 si·

407 3007 554 3108 gillatas
579 3003 680 3082 dedit
705 3017 742 3083 et
767 3005 968 3104 assignavit
981 3005 1080 3082 clare
1106 3007 1271 3082 memorie
1287 3003 1462 3105 quondam
1480 3006 1787 3082 excellentissimo
1808 3007 1969 3109 principi,
1987 3005 2081 3084 dom.

405 3111 596 3188 iohanni
622 3109 699 3209 regi
726 3110 925 3198 Boemie,
959 3109 1097 3186 nomine
1124 3133 1256 3186 corone
1282 3110 1384 3209 regui
1410 3110 1590 3186 Boemie
1616 3111 1819 3212 recipienti,
1855 3135 1999 3210 quarum
2025 3123 2084 3188 te-
2127 3137 2143 3170 ··

405 3237 513 3292 nores
538 3213 587 3291 de
612 3214 724 3290 verbo
749 3210 798 3290 ad
823 3213 968 3289 verbum
993 3211 1115 3290 taliter
1138 3215 1415 3314 subsequuntur:
1710 3251 1715 3262 ·

517 3625 590 3716 ¹)ln
616 3625 754 3702 nomine
780 3621 909 3701 domiui
934 3649 1049 3701 amen.
1101 3624 1184 3699 Nos
1208 3623 1476 3718 Preczlaus,
1505 3622 1541 3699 d.
1569 3648 1622 3724 gr.
1650 3625 1863 3728 episcopus,
1898 3627 2083 3709 Heinrie

409 3755 488 3807 cus
513 3727 561 3806 de
587 3729 754 3804 Baruth
780 3729 995 3832 prepositae,
1022 3726 1281 3830 Stephanus
1308 3725 1482 3820 decanus,
1509 3729 1753 3805 Heinricus
1779 3729 2000 3807 scolasticus
2024 3745 2082 3808 to·

407 3845 548 3932 mmque
574 3833 763 3935 capitulum
789 3833 952 3909 ecclesie
977 3833 1118 3907 Wrat.
1153 3833 1311 3910 omuibus
1344 3844 1382 3907 et
1407 3831 1558 3932 siugulis
1585 3844 1776 3932 presentes
1807 3833 1932 3910 literas
1957 3835 2082 3938 iuspe-

408 3936 518 4015 oturis
543 3937 705 4012 volumus
731 3961 819 4014 esse
844 3947 959 4013 uotum
985 3961 1031 4013 ac
1057 3947 1181 4013 tenore
1206 3935 1431 4037 presencium
1462 3936 1605 4037 publice
1631 3935 1850 4037 profitemur,
1882 3937 1977 4038 quod
2003 3940 2083 4042 opi·

408 4039 490 4116 dom
516 4039 735 4118 Grotkaw
761 4063 839 4117 cum
864 4051 962 4116 terra
987 4052 1025 4116 et
1049 4039 1211 4116 districtu
1237 4063 1284 4116 ac
1315 4039 1473 4114 omnibus
1500 4047 1538 4115 et
1563 4039 1714 4139 siugulis
1740 4041 1882 4142 juribus
1909 4053 1947 4118 ct
1970 4043 2082 4164 perti·

406 4144 545 4222 aenciis
569 4144 701 4246 ipsius,
734 4141 829 4244 quod
855 4140 986 4219 dudum
1018 4145 1064 4218 ab
1095 4144 1146 4218 ill.
1172 4143 1331 4244 principe
1363 4140 1456 4218 dom.
1483 4143 1705 4219 Bolezlao
1732 4143 1826 4221 duce
1853 4143 2012 4224 Slczre
2046 4159 2084 4222 et

408 4246 502 4325 dom.
520 4247 746 4348 Bregensi
771 4248 838 4324 rite
864 4271 910 4324 ac
937 4247 1200 4323 racionabiliter
1225 4247 1505 4346 comparavimus
1532 4271 1595 4348 pro
1619 4248 1723 4323 nobis
1741 4259 1779 4324 et
1795 4259 1918 4324 nostra
1934 4249 2079 4325 Wrat.

408 4352 573 4430 ecclesia
596 4349 777 4454 predicta,
811 4349 906 4451 quod
939 4348 1068 4425 dudum
1095 4351 1209 4426 eciam
1242 4349 1360 4428 dictus
1386 4348 1464 4425 dux
1488 4351 1740 4427 Boleulous
1773 4353 1819 4428 ah
1845 4351 2083 4430 excellentis-

408 4457 497 4534 simo
520 4455 680 4559 principe
711 4463 749 4531 et
778 4451 872 4529 dom.
899 4467 1020 4530 nostro
1046 4451 1138 4530 dom.
1164 4455 1191 4529 J
1199 4453 1371 4530 ohauue
1397 4478 1486 4554 rege
1513 4454 1690 4530 Boemie
1722 4453 1927 4532 inleudum
1960 4457 2082 4533 hahuit

410 4571 447 4636 et
470 4557 654 4662 possedit,
687 4559 889 4660 recepimus
915 4569 1037 4634 nostro
1070 4571 1108 4634 et
1133 4554 1230 4635 dicte
1263 4569 1386 4634 nostre
1411 4558 1550 4633 Wrat.
1585 4557 1746 4634 ecclesie
1780 4560 1918 4636 nomine
1950 4567 1989 4634 tn
2018 4589 2081 4636 oe-

408 4689 492 4738 rum
509 4667 673 4762 seudum
699 4663 746 4739 ab
772 4658 900 4740 eodem
925 4659 1017 4738 dom.
1044 4685 1134 4761 rege
1150 4663 1351 4754 Boemie,
1378 4660 1469 4737 dom.
1494 4671 1615 4735 nostro
1634 4661 1692 4737 cui
1708 4663 1855 4739 racione
1872 4661 1970 4740 dicte
1987 4673 2082 4740 terre

411 4761 758 4844 Grotkouieusis
789 4772 842 4842 ad
865 4767 961 4863 juro
986 4769 1171 4865 feudalia
1200 4772 1402 4842 secundam
1433 4778 1607 4840 naturum
1639 4772 1719 4840 veri
1745 4769 1862 4862 feudi
1893 4782 2081 4868 tamquam

455 4989 488 5070 1)
515 4984 685 5053 Mehrmols
705 4937 865 5078 gedruokt,
886 5011 910 5053 a
931 4983 1081 5053 Walther
1101 4983 1190 5052 Siler.
1212 4981 1343 5077 diplom.
1363 4983 1388 5064 Ι,
1409 5005 1441 5074 p.
1463 4983 1494 5048 7.
