4552 5786
381 485 464 564 arr
999 443 1210 558 umnec
1267 483 1463 558 cccxrn

386 687 533 770 bemie
560 701 655 788 rege
685 685 833 779 illustri,
866 683 1025 764 civitatis
1057 697 1096 764 et
1126 683 1290 762 diocesis
1309 683 1555 788 predictorum
1583 685 1620 762 iu
1647 685 1900 788 teflpnrffibns
1925 685 2078 782 dudae,

388 805 425 870 ut
454 789 692 895 pecudes,
729 787 977 892 deputatorum
1006 789 1195 866 uoumdlos
1224 789 1400 866 articulos
1431 790 1512 868 sire
1545 789 1714 866 nonnulla
1745 802 1873 892 pacta,
1906 791 2078 892 capituli,

387 907 524 974 suun
549 906 587 972 et
611 894 755 997 placita
773 893 958 996 perpetuis
989 893 1117 970 tutum
1149 894 1367 995 temporibus
1393 891 1636 987 observanda,
1663 893 1785 973 sacris
1817 896 2017 972 mnouibus
2038 907 2080 974 et

386 999 543 1078 libertati
576 997 862 1076 ecclesiasticae
895 997 1101 1097 rescimus
1132 999 1209 1096 (et)
1243 997 1430 1076 ecclesiae
1456 998 1531 1097 juri
1560 1010 1599 1074 ot
1624 995 1869 1098 jurisdictioni
1900 1001 2081 1076 contraria

389 1117 426 1184 et
449 1104 630 1206 plurimum
655 1098 909 1204 prejudicialia
928 1101 1022 1194 lieri,
1049 1099 1111 1178 adi
1137 1113 1175 1178 et
1197 1101 1330 1180 cantici
1355 1101 1488 1201 illaque
1514 1101 1636 1202 sigillo
1653 1112 1738 1178 tuuc
1756 1102 1922 1203 episcopi
1947 1115 1985 1180 et
2009 1127 2079 1180 rc·

389 1219 497 1288 strum
521 1206 584 1282 dlii
608 1205 803 1308 capitulum
829 1215 994 1305 tauquam
1026 1204 1084 1282 his
1110 1215 1240 1306 sponte
1263 1217 1305 1282 ct
1329 1229 1512 1306 expresse
1544 1205 1841 1283 consentientium
1872 1219 1987 1297 metu,
2020 1207 2080 1306 qm·

388 1313 423 1386 in
450 1321 672 1388 constantem
698 1310 809 1386 virum
836 1305 972 1384 cadere
997 1318 1150 1409 poterat,
1176 1308 1299 1383 muniri
1323 1308 1489 1384 lecerunt
1514 1320 1552 1384 ct
1568 1320 1812 1410 procurarunt,
1839 1333 1905 1410 per
1927 1335 1997 1410 quc
2022 1311 2079 1386 in··

388 1429 445 1490 ter
468 1413 543 1490 alia
567 1413 767 1506 voluerunt,
793 1410 892 1512 quod
923 1436 993 1488 ros
1018 1412 1087 1488 uti
1120 1412 1312 1514 capitulum
1345 1422 1384 1490 et
1407 1436 1473 1514 pro
1498 1421 1659 1514 tempore
1682 1413 1889 1490 exinoentes
1914 1415 2080 1490 canonici

388 1515 511 1594 occe
538 1517 726 1594 ecclesiae
751 1526 901 1593 vestrae
927 1541 994 1592 uon
1021 1515 1091 1590 nisi
1117 1512 1165 1592 de
1192 1516 1303 1592 certis
1335 1515 1420 1590 inibi
1452 1516 1644 1616 expressis
1677 1516 1771 1592 locis
1797 1515 1967 1593 oriundas
1993 1541 2077 1618 per-

390 1646 501 1698 sonas
527 1622 562 1695 iu
588 1621 784 1722 episcopos
810 1619 1232 1696 Wratislauieuses
1257 1643 1322 1720 pro
1348 1630 1509 1720 tempore
1541 1619 1681 1719 eligere
1713 1645 1782 1696 nec
1809 1621 1987 1697 beneficia
2012 1646 2078 1699 ec-

343 1787 353 1798 .
390 1724 603 1804 clesiastica
634 1749 699 1826 pro
733 1734 892 1826 tempore
925 1724 1096 1802 vacantia
1128 1723 1198 1798 uisi
1230 1723 1397 1824 personis
1429 1735 1467 1799 et
1493 1723 1604 1800 certis
1635 1721 1751 1800 modis
1777 1725 1860 1798 inibi
1888 1725 2079 1826 expressis

392 1828 557 1905 conferre
583 1827 776 1920 valeretis,
808 1823 973 1928 quodque
999 1827 1035 1902 iu
1061 1826 1297 1904 electioribus
1324 1826 1574 1929 episcopcmm
1601 1839 1639 1904 et
1664 1826 1914 1904 collationibus
1943 1828 2078 1904 beneti-

391 1932 522 2010 ciorum
539 1957 603 2034 pro
620 1941 782 2034 tempore
809 1928 991 2008 faciendis
1017 1954 1220 2008 consensus
1246 1930 1346 2030 regis
1373 1931 1584 2008 Boemiac
1610 1955 1674 2032 pro
1701 1941 1861 2034 tempore
1887 1932 2079 2010 existentis

389 2035 519 2136 requiri
546 2033 769 2114 deberetne
795 2033 892 2134 quod
915 2059 984 2110 vos
1010 2031 1173 2110 decimas
1199 2059 1268 2109 oon
1293 2033 1363 2108 uisi
1386 2031 1505 2110 modis
1539 2032 1671 2110 ibidem
1703 2035 1894 2134 expressis
1927 2037 2079 2135 exigere

254 2207 256 2212 .
390 2139 564 2216 valeretis
591 2151 629 2218 et
652 2139 887 2216 mechanicos
912 2137 1075 2239 proprios
1101 2161 1171 2214 non
1198 2138 1438 2238 susciperen's
1463 2161 1533 2216 uec
1560 2137 1734 2216 foveretis
1759 2163 1807 2214 ac
1824 2137 1990 2216 subditos
2010 2165 2079 2216 ve-

391 2255 488 2320 stros
513 2241 604 2345 ipsis
633 2243 850 2345 principibus
876 2241 1102 2320 secularibus
1128 2239 1210 2314 dnm
1235 2241 1286 2315 illi
1312 2242 1476 2342 proprios
1503 2237 1668 2318 subditos
1693 2266 1757 2342 pro
1779 2242 1920 2318 'auxilio
1946 2244 2002 2318 eis
2020 2243 2078 2320 fe·

391 2343 503 2424 reudo
530 2357 568 2424 et
594 2345 752 2424 collecta
777 2343 955 2422 solvenda
978 2345 1200 2446 requirerent
1225 2343 1406 2444 obligatos
1432 2345 1607 2422 exhibere
1625 2343 1801 2422 deberent
1821 2370 1868 2422 ac
1895 2347 1962 2422 sub
1990 2371 2078 2423 cen-

392 2451 487 2526 suris
512 2448 563 2526 ad
587 2475 723 2527 census
750 2445 947 2526 solvendus
982 2449 1281 2527 excommunicari
1313 2448 1440 2526 facere
1472 2473 1542 2524 nun
1568 2449 1749 2551 possetis,
1783 2449 1853 2524 nisi
1883 2450 1983 2552 prius
2015 2475 2080 2552 per

288 2631 291 2639 ,
391 2565 475 2632 octo
514 2555 734 2654 septimanas
767 2549 918 2628 dominis
948 2575 1068 2630 eonrm
1100 2552 1353 2654 temporalibus
1384 2552 1639 2645 notificaretis,
1673 2563 1711 2629 et
1742 2553 1775 2627 si
1800 2553 1921 2653 aliqua
1952 2553 2080 2655 predia

391 2683 461 2734 uun
495 2657 790 2752 cultivarentur,·
812 2657 911 2733 sacto
946 2655 1043 2733 edito
1079 2655 1188 2756 (sict)
1213 2656 1377 2758 publico,
1410 2655 1504 2730 iufra
1528 2681 1652 2731 annum
1679 2667 1717 2733 et
1740 2655 1834 2732 diem
1858 2655 1974 2732 nullus
1997 2657 2076 2733 cul·-

392 2760 523 2836 tirator
548 2771 750 2864 appareret,
778 2757 907 2836 domini
933 2756 1141 2838 hereditarii
1167 2757 1267 2835 dicta
1297 2757 1426 2862 predia
1457 2783 1521 2862 pro
1555 2783 1622 2836 suo
1653 2785 1723 2835 osu
1756 2759 1880 2838 locare
1913 2773 2075 2864 possent,

394 2877 431 2942 et
456 2865 488 2940 si
515 2865 643 2966 aliquis
668 2865 845 2966 plebanus
872 2863 951 2940 sine
977 2873 1192 2942 tentamento
1219 2861 1419 2940 decederet
1451 2887 1554 2940 nemo
1581 2861 1629 2941 de
1659 2863 1758 2938 illius
1791 2865 1895 2940 bouis
1923 2865 1993 2940 nisi
2018 2863 2078 2964 qui

314 2989 318 3007 ⁶
393 2966 443 3054 ad
467 2969 537 3045 hoc
563 2993 588 3044 a
611 2967 858 3070 parrochianis
885 2966 1116 3068 deputaretur
1141 2991 1184 3044 se
1209 2967 1440 3044 intromittere
1465 2979 1612 3069 posset,
1644 2965 1810 3068 quodque
1835 2992 1904 3044 rex
1929 2969 2079 3044 Bolrc·

326 3096 328 3106 ·
393 3073 506 3150 miae
531 3097 596 3174 pro
622 3085 782 3174 tempore
807 3071 974 3148 existens
990 3073 1093 3150 circa
1117 3081 1345 3162 testamenta,
1371 3069 1616 3148 ordinationes
1641 3083 1679 3148 et
1702 3068 1963 3172 dispositms
1989 3097 2080 3174 quo·
2123 3112 2132 3130 ν

394 3175 498 3257 uodo
524 3187 562 3254 et
587 3175 739 3278 qualiter
761 3175 841 3251 lieri
867 3173 1025 3252 debcant
1050 3172 1215 3251 ordinare
1247 3185 1378 3276 posset
1410 3185 1449 3250 et
1480 3175 1648 3250 nonnulla
1679 3175 1754 3250 alia
1781 3187 1870 3253 tuuc
1897 3199 2080 3278 expressa
2197 3223 2202 3235 ·

393 3281 572 3373 lecerunt,
618 3291 723 3384 prout
747 3279 782 3354 iu
808 3279 937 3354 litteris
969 3303 1036 3355 seu
1075 3276 1298 3356 (tommentis
1328 3278 1484 3380 publicis
1511 3276 1672 3382 desuper
1695 3280 1762 3354 sub
1789 3277 1877 3354 data
1902 3278 1964 3356 dic
1991 3281 2080 3355 sab-

271 3481 274 3490 *
394 3385 467 3460 bati
499 3393 582 3485 post
619 3383 749 3462 festum
788 3382 1043 3486 purificationis
1081 3383 1213 3459 beatae
1247 3381 1390 3460 Mariae
1421 3381 1587 3482 virginis,
1627 3381 1709 3459 anni
1741 3379 1872 3458 domiui
1903 3383 2080 3461 millesimi

394 3487 665 3588 quingentesimi
688 3489 804 3587 quarti
830 3485 989 3588 desuper
1011 3485 1193 3564 conlectis
1220 3483 1349 3566 dicitnr
1373 3485 1515 3587 plenius
1541 3487 1714 3566 contineri
1727 3486 1772 3578 ¹),
1799 3511 1884 3578 nos,
1913 3485 1962 3564 ad
1988 3513 2080 3588 quos

395 3601 539 3692 specmt
563 3591 762 3666 libertatem
789 3590 1082 3668 ecclesiasticam
1105 3590 1199 3668 tueri
1226 3601 1263 3666 et
1285 3587 1507 3666 defendere
1524 3601 1561 3667 ct
1586 3615 1656 3690 que
1685 3601 1815 3667 contm
1842 3595 1908 3690 jus
1932 3593 1968 3667 in
1995 3617 2080 3694 pro-

389 3689 554 3795 jnditiom
592 3695 779 3796 persertim
817 3694 1055 3770 ecclesiarum
1089 3705 1127 3770 et
1168 3693 1501 3771 ecclesiasticarum
1540 3717 1772 3795 personarum
1816 3691 2081 3793 jurisditionem

395 3797 525 3874 luerint
549 3795 599 3874 ad
624 3799 796 3874 tramitem
815 3797 910 3898 juris
937 3795 1126 3892 reducere,
1152 3795 1383 3874 attendentes
1409 3794 1505 3895 quod
1528 3794 1696 3900 predicta
1718 3821 1789 3872 nou
1815 3797 1929 3873 solum
1955 3811 2081 3876 conca

391 3905 455 4000 jos
481 3901 650 4003 scriptum
664 3913 714 3978 et
738 3903 937 3979 libertatem
963 3901 1257 3980 ecclesiasticam
1288 3898 1491 3978 sedetiam
1518 3910 1643 3977 contra
1674 3901 1906 4002 particularia
1929 3903 2080 4004 privile·

397 4004 460 4106 gia
484 4017 522 4084 et
545 4003 683 4082 indulta
706 4017 777 4082 tam
802 4006 1021 4108 pontificalia
1043 4031 1147 4105 quam
1163 4005 1361 4108 lmperialia
1377 4015 1415 4082 et
1429 4004 1572 4104 regalia
1587 4004 1776 4082 ccclesiae
1792 4017 1941 4082 vestrae
1958 4006 2081 4082 Wla-

397 4107 697 4186 tislaoieosis
732 4109 827 4209 (sic)
862 4121 899 4186 et
925 4109 1021 4185 illius
1051 4111 1219 4210 personis
1252 4131 1435 4187 concessa
1463 4106 1603 4185 cedere
1629 4105 1862 4185 dinoscuntur
1885 4121 1924 4185 ct
1948 4111 1983 4185 si
2007 4110 2082 4186 tol·
2212 4143 2232 4178 =.

396 4212 605 4307 lerareutur,
632 4237 700 4288 ros
724 4214 787 4290 filii
813 4213 934 4292 clerus
960 4237 1140 4290 successu
1166 4213 1334 4314 temporis
1359 4213 1395 4288 iu
1420 4211 1566 4289 totalem
1593 4211 1798 4289 servitutem
1823 4211 1995 4290 laicorum
2011 4239 2082 4291 rc·

398 4313 590 4394 risimiliter
615 4314 881 4417 redigeremioi,
909 4341 955 4394 ae
982 4315 1170 4418 cupientes
1196 4315 1389 4418 superbis
1414 4313 1537 4393 debite
1563 4314 1773 4418 providere,
1805 4329 1903 4392 nictu
1924 4326 2083 4418 proprio

400 4432 437 4500 et
463 4445 513 4498 ex
539 4432 641 4498 certa
664 4421 818 4498 scienda
849 4445 896 4498 ac
922 4419 970 4497 de
997 4419 1222 4521 apostolicae
1254 4421 1447 4521 potestatis
1478 4417 1698 4522 plenitudiue
1728 4433 1863 4517 pacta,
1897 4428 2081 4520 capituto,

400 4531 752 4624 nortamptoniae
775 4531 950 4624 predicto
964 4547 1014 4602 ac
1039 4533 1144 4624 prout
1165 4524 1230 4600 illa
1252 4535 1483 4616 couceurunt,
1509 4523 1625 4598 omnin
1650 4533 1688 4600 et
1712 4523 1857 4624 ringula
1880 4524 1918 4600 iu
1937 4522 2084 4603 eisdem

400 4625 527 4704 litteris
551 4651 620 4706 seu
644 4623 867 4704 dumentis
892 4637 1072 4721 mnu,
1098 4634 1137 4702 ia
1160 4641 1335 4728 quantun
1359 4635 1480 4703 sceris
1503 4631 1653 4702 obviant
1667 4633 1841 4703 institutis
1856 4641 1895 4704 et
1916 4633 2084 4705 libertati

467 4935 500 5012 ι)
528 4927 569 4996 u.
590 4931 707 4998 cccx.
