4524 5770
639 561 851 634 Urluaolera
930 561 1036 632 XVI.
1068 561 1198 634 XVII.
1231 562 1385 634 XVIII.
1811 563 1861 638 Ili

164 787 242 838 m
257 758 420 838 domnus
444 761 694 840 Bolesluus
716 761 795 840 tlux
817 763 995 857 Slesie,
1021 775 1152 866 petens
1169 762 1346 840 humiliter
1362 763 1631 844 absolucionem
1654 790 1863 845 excummu-

164 866 377 958 nimcionis,
404 891 507 966 quarn
523 865 718 961 inciderat,
753 865 972 971 captivando
988 867 1231 944 venerabilem
1254 879 1392 970 patrem
1415 869 1619 946 Thomam
1644 867 1680 946 d.
1699 895 1755 972 gr.
1782 873 1862 974 epi-

165 993 336 1072 scopum,
375 971 650 1070 Boguslaum
677 970 896 1074 prepositum
930 983 968 1048 et
991 969 1212 1048 Ricardum
1235 973 1470 1073 presbiterum
1494 974 1705 1052 canonicum
1734 976 1861 1052 Vrat.

166 1071 259 1153 Cum
276 1073 384 1173 igitur
401 1075 628 1152 constitisset
645 1075 749 1152 uobis
767 1073 816 1152 tle
833 1076 1096 1154 eafislacoioue
1113 1075 1216 1152 sactu
1233 1073 1426 1178 episcopo,
1452 1075 1637 1180 preponito
1658 1089 1697 1155 et
1719 1080 1863 1182 presbi-

166 1191 245 1254 tero
261 1177 451 1254 nominatis
469 1202 519 1254 cx
542 1179 699 1281 ipsorum
724 1171 976 1272 confessione,
1002 1177 1226 1282 priuilegium
1252 1180 1367 1256 eciam
1391 1181 1543 1282 prestito
1566 1181 1742 1258 libertatis
1765 1183 1864 1260 villis

167 1293 207 1360 et
221 1281 420 1356 homiuibus
439 1282 603 1360 ecclesie
621 1282 810 1359 Vrutisl.
832 1285 1035 1360 constitutis
1058 1283 1095 1358 iu
1119 1281 1272 1358 dominio
1288 1282 1420 1384 prelati
1438 1282 1544 1360 ducis
1561 1283 1770 1361 Boleslai
1795 1289 1863 1362 sub

167 1409 234 1462 suo
252 1385 375 1484 sigillo
392 1410 459 1485 per
474 1397 621 1462 nostras
638 1413 765 1462 nauus
787 1387 932 1488 publice
954 1387 991 1464 in
1016 1387 1212 1488 presencia
1234 1385 1327 1462 donn.
1344 1388 1549 1464 Heinrici
1572 1387 1678 1465 ducis
1703 1387 1863 1466 Slesie
1916 1397 1920 1410 '

167 1489 290 1566 fratris
307 1488 366 1564 sui
383 1499 421 1564 et
437 1490 587 1566 omnium
602 1489 734 1568 itide-
752 1491 951 1567 astancium
969 1489 1095 1566 obtulit
1111 1488 1232 1567 dictus
1257 1487 1334 1566 dux
1350 1491 1598 1568 Boleslaus
1620 1493 1863 1594 prenominato

167 1593 344 1697 episcopo
362 1603 400 1669 et
416 1617 482 1693 per
499 1619 579 1670 eum
596 1595 761 1672 ecclesie
777 1593 970 1672 Vratisl.
988 1595 1057 1670 sub
1074 1593 1145 1670 boc
1161 1605 1304 1672 tenore:

270 1697 356 1772 Nos
373 1697 639 1792 Boleslaus,
667 1695 704 1772 d.
731 1721 785 1798 gr.
810 1696 887 1772 (lux
912 1697 1087 1792 Slesie,
1113 1709 1231 1774 uotum
1256 1698 1411 1774 facimus
1435 1698 1633 1792 universis,
1659 1709 1864 1800 presentem
1891 1703 1976 1768 RVH,

166 1799 336 1902 paginam
365 1800 603 1901 inspecturis,
631 1801 727 1902 quod
750 1803 844 1878 iuter
874 1811 1021 1878 ceteras
1045 1801 1328 1878 satstocoionss
1351 1801 1551 1878 venerabili
1579 1803 1673 1904 patri
1697 1801 1864 1878 'l'bonre
1880 1783 1986 1910 ὣς.

166 1902 291 1979 Vrat.
311 1904 486 2006 episcopo
505 1915 543 1981 et
560 1903 724 1984 ecclesie
742 1931 810 1982 sue
826 1905 1112 2084 lactasopropter
1129 1929 1338 1997 excessum,
1357 1929 1459 2004 quem
1472 1906 1623 1982 lecimus
1637 1907 1672 1980 io
1687 1905 1865 2007 capcione

98 2097 103 2104 Ι
166 2031 324 2108 persone
355 2031 423 2082 soe
449 2007 697 2085 satisfacimus
720 2010 756 2084 iu
789 2009 883 2085 bunc
906 2035 939 2084 m
992 2035 1059 2084 um.
1120 2005 1256 2086 Omnes
1289 2009 1398 2084 villas
1423 2019 1471 2084 'et
1504 2009 1667 2086 hominen
1701 2007 1865 2112 episcopi

167 2111 291 2186 Vrat.
312 2111 515 2188 existentes
542 2111 578 2186 iu
596 2109 730 2188 ducatu
747 2123 889 2206 nosbo,
916 2113 997 2189 sive
1020 2114 1093 2190 siut
1116 2111 1314 2214 ascripticii
1332 2113 1413 2189 sive
1436 2111 1539 2190 liberi
1555 2123 1729 2216 perpetuo
1748 2111 1865 2188 doua-

167 2240 244 2292 nus
272 2212 471 2292 omnimode
496 2215 654 2293 libertati
678 2241 703 2292 a
724 2214 881 2318 preuorl,
914 2239 1052 2318 pouon,
1086 2228 1187 2309 man,
1220 2226 1362 2309 stroea,
1389 2239 1414 2291 a
1438 2217 1657 2318 recepcione
1674 2215 1863 2318 hospitum,

168 2317 444 2396 castorariorunr
470 2331 507 2394 ct
530 2319 805 2396 falconariomm
830 2345 855 2396 u
873 2317 1043 2421 puduode
1061 2317 1216 2396 dacione
1234 2330 1272 2396 et
1295 2321 1456 2396 omnibus
1472 2319 1617 2421 penitus
1638 2319 1722 2398 aliis
1746 2320 1865 2396 servi-

167 2421 319 2515 tutibus,
352 2445 562 2522 quocunque
584 2425 765 2502 vocabulo
789 2425 1022 2516 nominentur,
1048 2423 1278 2524 excipientes
1303 2448 1370 2499 eos
1395 2449 1420 2498 a
1438 2421 1702 2523 jurisdiccionc
1720 2435 1864 2498 castro-

169 2551 252 2616 rum,
269 2549 483 2627 supauorom
502 2537 540 2602 et
556 2527 829 2604 camerariorum
846 2539 1055 2602 nostrorum.
1098 2526 1227 2602 Omnia
1237 2525 1381 2626 judicia
1397 2529 1433 2602 iu
1451 2529 1508 2604 eis
1526 2551 1605 2604 cum
1620 2524 1865 2628 condempna-

170 2630 332 2706 cionibue
350 2628 400 2704 nd
418 2629 626 2732 episcopum
644 2641 682 2706 et
699 2655 787 2706 suus
799 2629 950 2730 judices
966 2631 1210 2732 pertinebunt,
1236 2631 1272 2705 io
1296 2632 1435 2730 signum
1457 2643 1576 2707 mmeu
1594 2628 1737 2706 dominii
1760 2631 1865 2706 nobie

168 2735 203 2809 in
225 2734 321 2836 ipsis
345 2733 448 2808 solas
474 2757 610 2809 causas
635 2735 822 2834 sauguinis
846 2735 1039 2811 retinemus
1057 2731 1282 2834 judicandas
1305 2759 1372 2835 per
1396 2732 1613 2812 advocatum
1630 2745 1803 2827 nostrum,
1829 2734 1865 2808 iu

169 2862 314 2938 quarum
332 2834 663 2939 condempuacioue
681 2835 730 2913 ed
747 2863 814 2912 uos
831 2838 968 2914 tercius
986 2836 1156 2913 denarius
1174 2837 1394 2914 solummodo
1415 2837 1616 2940 pertinebit.
1670 2836 1863 2917 Collectas

169 2941 271 3018 nobis
299 2951 339 3016 et
363 2941 496 3016 nostris
521 2941 802 3018 successoribus
827 2965 894 3018 seu
917 2939 1100 3041 adjutoria
1123 2965 1334 3041 quocunque
1358 2942 1497 3018 nomine
1513 2951 1689 3018 vocentur
1712 2966 1781 3016 uou
1805 2939 1865 3015 fa-

170 3045 281 3137 cient,
310 3043 380 3120 uisi
396 3044 432 3119 in
450 3045 563 3120 tribus
581 3046 747 3138 casibus,
773 3045 806 3120 si
824 3043 953 3121 ducem
978 3055 1118 3150 captum
1136 3045 1196 3120 vel
1217 3056 1371 3122 castrum
1391 3069 1437 3120 ca
1463 3057 1531 3119 tum
1558 3041 1681 3121 redimi
1700 3044 1866 3144 contige·

169 3149 214 3224 rit
235 3148 300 3224 rel
322 3147 509 3224 exercitus
533 3149 668 3225 lorcior
689 3147 739 3224 de
756 3159 854 3224 terra
876 3148 925 3224 sit
948 3171 1015 3251 per
1036 3147 1223 3250 pecuniam
1242 3071 1516 3240 ammovenIus,
1543 3159 1628 3224 tunc
1653 3148 1769 3224 eciam
1787 3147 1866 3247 epi·

170 3253 274 3354 scopi
300 3251 463 3326 homiues
488 3275 568 3329 cum
585 3263 683 3328 terra
710 3251 876 3328 conlerre
892 3251 1214 3354 proporcioualiter
1235 3253 1458 3327 tenebuntur.
1511 3251 1621 3327 Licet
1649 3261 1769 3326 tamen
1793 3250 1868 3324 alia

170 3355 273 3431 nobis
295 3353 476 3455 adjutoria
492 3367 668 3458 oportuna
683 3355 872 3455 benignius
889 3356 1091 3458 impetrare,
1117 3357 1153 3430 in
1171 3355 1298 3455 quibus
1317 3352 1479 3430 doninus
1497 3355 1693 3458 episcopus
1710 3377 1778 3429 nos
1796 3377 1867 3430 ex-

170 3457 296 3535 audiet
310 3481 376 3560 pro
394 3483 461 3533 sue
478 3461 707 3561 beneplacito
723 3460 929 3536 voluntatis.
982 3461 1114 3535 Datum
1138 3485 1232 3534 anuo
1257 3457 1387 3535 domini
1410 3456 1523 3537 MCC
1547 3459 1802 3559 sexagesimo,
1829 3457 1865 3532 in

171 3561 231 3640 die
247 3561 474 3638 invencicuis
491 3573 620 3640 sancte
641 3565 773 3640 crucis.

272 3665 474 3742 Professus
492 3679 551 3743 est
567 3676 684 3742 autem
695 3665 847 3846 1pirplplice
863 3667 1128 3768 prenominatus
1146 3664 1222 3742 dux
1238 3665 1489 3742 Heinricus
1515 3665 1550 3743 in
1575 3675 1701 3741 nostra
1718 3673 1757 3740 et
1774 3663 1866 3739 alio-

169 3795 245 3950 tt
260 3793 539 3975 tttttltlt
554 3793 722 3974 tttlt
741 3766 1868 3976 tullttlt,tttltttttlttttlttltlltltt:

170 3977 328 4157 rogatis,
355 4002 458 4156 quam
482 3977 747 4080 professionem
771 3977 1012 4078 personaliter
1034 3980 1101 4054 sub
1129 4001 1196 4052 suu
1220 3977 1342 4076 sigillo
1367 3977 1471 4054 uobis
1488 3978 1523 4053 in
1542 3976 1689 4078 scriptis
1707 3972 1869 4050 exhibuit

170 4109 206 4158 m
249 4106 321 4157 unc
337 4107 372 4155 m
422 4107 496 4155 um:

275 4185 360 4260 Nos
385 4184 646 4278 Heinricus,
666 4181 703 4258 d.
722 4205 775 4282 gr.
801 4180 878 4257 dux
900 4179 1071 4274 Slesie,
1088 4183 1124 4256 iu
1140 4182 1336 4283 presencia
1350 4181 1571 4257 venerabilis
1594 4179 1720 4281 pubis,
1740 4175 1872 4252 domini
1904 4205 2002 4258 xvun

171 4289 359 4366 Ianusii
384 4287 679 4365 Guenueusis
704 4284 976 4387 archicpiscopi
999 4295 1038 4360 et
1061 4285 1239 4362 sociorum
1266 4290 1366 4384 ejus,
1394 4281 1486 4358 dom.
1506 4280 1732 4384 Stephani
1754 4281 1870 4366 abba-
1909 4285 1986 4359 Μ,

172 4393 218 4470 tis
238 4391 368 4470 eanc'te
385 4391 504 4468 blarie
517 4390 709 4467 Vratisl.
725 4400 763 4466 et
779 4388 942 4489 magistri
959 4385 1170 4490 Symonis
1186 4387 1316 4490 prioris
1327 4384 1561 4490 provincialis
1575 4385 1720 4462 fratrum
1735 4381 1870 4461 Predi-
1885 4355 1929 4413 ⁹⁰·
1947 4359 2011 4414 ⁰⁹⁰·

173 4507 334 4572 catorum
352 4497 559 4572 confitemur
576 4506 614 4572 et
630 4503 878 4596 protestamur,
903 4490 998 4592 quod
1015 4517 1080 4594 pro
1099 4491 1262 4594 dampnis
1281 4501 1319 4568 et
1336 4489 1523 4593 expensis,
1542 4515 1633 4590 quus
1649 4488 1871 4566 uenerabilis

219 4598 491 4689 ter'l'bomas,
511 4597 547 4673 d.
567 4595 819 4698 gr.Vratisl.
838 4597 1047 4698 episcopus,
1067 4597 1215 4672 racione
1232 4594 1453 4698 captivitatis
1470 4619 1538 4671 sue
1553 4617 1621 4697 per
1637 4591 1767 4669 drrcem
1780 4593 1870 4667 Bo·

193 4703 367 4780 eslaum
391 4703 535 4780 fratrem
560 4715 716 4777 nostrum
742 4701 844 4778 lactc
868 4701 1050 4795 sustinuit,
1080 4699 1303 4801 promisimus
1335 4697 1459 4804 melem
1479 4699 1653 4802 episcopo
1678 4694 1872 4771 duomilia

173 4831 372 4884 marcarum
389 4807 530 4906 argenti
546 4806 641 4881 iulra
658 4813 808 4906 quatuor
823 4829 941 4880 anuos
962 4827 1030 4879 nos
1054 4803 1255 4896 soluturos,
1280 4803 1333 4879 ita
1356 4799 1452 4904 quod
1474 4801 1627 4905 siugulis
1645 4800 1750 4877 anuis
1767 4799 1871 4899 qrriu·

174 4919 307 5010 ganas
323 4935 480 5006 macas,
497 4912 532 4986 iu
550 4910 651 4987 sesto
664 4907 841 4986 videlicet
854 4905 955 4984 beati
969 4907 1149 4984 lobannis
1167 4918 1205 4984 et
1227 4907 1346 4982 suncti
1362 4903 1511 4985 Nicolai
1528 4907 1674 4982 solvere
1696 4913 1870 4996 mnemur,

174 5015 233 5113 qui
249 5015 334 5091 anui
353 5037 498 5092 currere
516 5023 691 5115 ceperunt
707 5009 896 5092 MCCLX
914 5011 1026 5114 primu
1043 5035 1135 5087 anuo
1153 5009 1333 5088 dominice
1348 5007 1626 5090 incamaciouis.
1677 5007 1871 5084 Protesta·
