4594 5774
849 531 1060 606 Uolandum
1115 529 1283 605 OEla'Xl.
1828 531 1906 610 lid

216 731 1806 818 immanissimammdoniniuwmmmtutsuudimndm.
1872 737 1907 800 ‘-

217 865 381 943 scopum
418 840 617 918 ecclesiam
648 863 751 914 suurn
782 863 830 916 ac
855 847 965 914 totum
990 838 1124 914 clerium
1159 837 1420 939 spectantibus,
1450 837 1565 916 libere
1586 761 1747 918 lateam
1772 865 1819 920 ao
1860 867 1905 918 a·

217 945 320 1022 ciens
344 941 459 1046 ipsum
485 941 580 1021 dom.
607 943 815 1044 episcopum
841 953 880 1020 et
904 941 1107 1044 capitulum,
1131 941 1246 1044 ipsius
1273 941 1438 1020 ecclesie
1455 941 1604 1036 nornine,
1628 969 1695 1046 per
1711 945 1905 1026 subcame-

216 1049 344 1126 tarium
369 1073 471 1122 suum
496 1048 532 1122 in
558 1045 780 1148 corporalem
803 1043 925 1122 induci
949 1045 1223 1146 possessionem
1247 1045 1309 1122 vel
1334 1047 1438 1146 qnasi
1471 1047 1620 1122 omnium
1651 1045 1902 1148 predictorum.

215 1148 499 1228 Bandlouicn
524 1174 664 1252 quoqne
690 1173 768 1226 cum
794 1158 869 1225 toto
896 1147 1072 1242 districtu,
1099 1173 1202 1250 quem
1219 1149 1290 1252 ipsi
1307 1147 1401 1226 dom.
1429 1150 1604 1252 episcopo
1627 1150 1789 1252 prelatos
1808 1152 1901 1230 dom.
1953 1183 1956 1189 ·

215 1253 291 1330 dux
322 1254 522 1331 abstulerat
550 1253 744 1346 violenter,
779 1263 817 1328 et
849 1252 924 1329 elia
956 1253 1068 1346 bona,
1103 1265 1220 1330 terras
1252 1263 1290 1330 et
1313 1253 1423 1328 uillas
1455 1253 1490 1329 iu
1518 1252 1671 1330 dominio
1697 1279 1743 1332 ac
1769 1253 1903 1334 ducatu

215 1359 352 1436 Wrat.
379 1382 445 1459 per
470 1355 646 1458 qnondam
672 1367 809 1459 patrem
834 1368 873 1433 et
897 1355 1072 1458 quondan
1097 1368 1258 1458 patrorum
1282 1381 1329 1434 ac
1354 1357 1472 1434 eciam
1497 1383 1564 1459 per
1588 1357 1704 1459 ipsum
1722 1355 1814 1438 dom.
1833 1359 1904 1436 du·

216 1485 296 1540 cem
318 1459 478 1538 indebite
504 1470 695 1562 occupatu,
726 1459 834 1562 plene
860 1461 1081 1559 reintegra,
1108 1462 1305 1537 cumomni
1326 1465 1430 1561 jure,
1457 1461 1554 1538 sicut
1577 1463 1797 1540 noscebatur
1820 1463 1903 1566 ipse

70 1611 80 1634 .
216 1564 309 1642 dom.
335 1565 532 1667 episcopus
558 1587 605 1640 ac
632 1563 823 1664 capitulum
848 1589 949 1640 sunm
974 1564 1153 1642 hactenus
1177 1563 1383 1667 possidere,
1410 1565 1480 1666 ipsi
1499 1563 1592 1641 dom.
1620 1567 1807 1746 episcopo,
1835 1591 1902 1644 oa-

215 1669 325 1772 pitalo
349 1693 429 1760 suo,
458 1680 496 1744 et
520 1667 620 1746 clero
645 1667 836 1744 restituere
861 1669 1084 1770 procurarit,
1119 1679 1222 1770 prout
1246 1667 1281 1742 in
1307 1669 1514 1770 putentibus
1546 1669 1675 1746 litteris
1700 1670 1736 1745 iu
1764 1695 1786 1747 e
1812 1695 1902 1748 con·

215 1773 325 1851 lectis
351 1783 389 1850 et
413 1773 528 1874 ipsius
554 1769 647 1848 dom.
675 1771 860 1848 llenrici
886 1770 1061 1872 qnorrdam
1087 1769 1193 1848 ducis
1211 1771 1381 1864 Slesie,
1409 1771 1636 1852 Oraconie
1662 1783 1700 1851 et
1725 1771 1902 1850 Sando-

216 1877 340 1953 mirie
365 1877 588 1977 appensione
615 1875 727 1976 sigilli
751 1875 903 1967 munitis,
930 1875 1072 1977 plenius
1099 1873 1249 1954 vidimus
1275 1877 1449 1953 contineri
1463 1877 1502 1967 ¹).
1562 1876 1616 1954 Et
1641 1877 1725 1977 quia
1750 1878 1903 1980 sepeio-

215 1993 275 2056 tns
301 1977 393 2055 dom.
421 1980 617 2080 episcopus
643 1991 679 2055 et
706 1978 896 2081 capitulum
923 2004 1023 2053 snum
1049 1978 1187 2054 Wrat
1213 1979 1317 2056 nobis
1343 1980 1487 2057 sincere
1513 2003 1560 2056 ac
1587 1979 1724 2058 devote
1746 1983 1901 2083 peticio·-

216 2108 297 2162 nem
320 2094 567 2185 porrexerunt,
594 2093 633 2157 nt
658 2083 767 2161 saluti
792 2092 862 2156 tan
888 2082 1003 2184 ipsius
1028 2082 1200 2184 principis
1218 2107 1322 2184 qnam
1338 2095 1461 2161 nostre
1486 2083 1719 2162 consulentes
1745 2097 1783 2162 et
1808 2087 1901 2164 ade-

217 2201 323 2278 untur,
349 2209 452 2285 quem
479 2187 666 2286 ὺθηίςυυω
692 2183 740 2262 ad
765 2185 880 2287 ipsam
906 2185 1102 2288 ecclesiam
1129 2187 1264 2262 Wrat.
1291 2188 1447 2286 gerimus
1466 2185 1702 2265 ostendentes
1725 2214 1792 2292 per
1809 2191 1901 2268 clle-

214 2303 323 2381 ‘ctum
349 2289 538 2368 sueciam
564 2287 613 2364 ad
639 2290 765 2366 mentis
793 2289 919 2366 oeulos
944 2299 1174 2380 tenoemteo,
1200 2289 1353 2389 qualiter
1376 2289 1562 2392 predictus
1587 2292 1806 2370 venerabibs
1832 2319 1900 2397 pa-

217 2407 289 2482 ter,
343 2417 422 2468 eum
448 2393 759 2470 circumstantibus
785 2393 974 2468 abbatibus
1001 2405 1039 2469 et
1065 2393 1250 2470 canordcis
1277 2395 1483 2496 ueterisque
1508 2395 1739 2497 presbiteris,
1772 2397 1807 2472 in
1834 2423 1899 2475 so·

217 2495 358 2598 pnltnra
382 2496 512 2596 prelati
537 2496 659 2574 fratris
684 2497 807 2590 nostri,
826 2493 919 2572 dom.
938 2493 1044 2572 ducis
1061 2497 1262 2591 Raurici,
1280 2497 1667 2577 excommunicacionis
1678 2501 1900 2578 sentenciam

215 2597 400 2701 protulerit
423 2599 458 2674 in
484 2624 626 2694 omnes,
653 2601 712 2701 qui
737 2597 889 2678 eandem
914 2599 1113 2676 libertatem
1138 2599 1261 2692 tuctu,
1286 2599 1472 2696 mundato,
1500 2603 1653 2680 consilio
1678 2605 1739 2681 rel
1765 2605 1899 2682 urrxilic

216 2701 451 2794 violarent2),
478 2709 581 2780 uubis
594 2709 829 2804 presentibus
847 2715 885 2780 et
910 2704 1101 2778 baronibus
1128 2727 1175 2780 ac
1200 2703 1367 2780 militibus
1391 2717 1464 2782 tam
1489 2707 1622 2784 nostris
1648 2733 1751 2808 quum
1776 2707 1901 2810 predi·

216 2807 265 2883 cti
290 2805 411 2882 fratris
435 2807 565 2901 nostri,
600 2805 750 2884 easdem
783 2803 1004 2884 donaciones
1036 2807 1237 2884 libertatum
1272 2832 1318 2885 uc
1345 2810 1476 2910 jurium
1506 2808 1685 2888 ducellum
1717 2813 1728 2887 i
1754 2813 1808 2888 sis
1834 2837 1900 2914 per

216 2907 388 3012 prelatum
414 2909 607 3011 principem
633 2908 991 3002 dom.Heuricum‚
1019 2909 1056 2986 d.
1083 2935 1137 3011 gr.
1164 2909 1339 3012 quondam
1366 2910 1495 2991 ducem
1521 2912 1695 3008 Slesie,
1723 2839 1899 2992 greco·-

218 3014 291 3088 uie
318 3023 356 3090 et
382 3011 680 3105 Sandomirie,
708 3014 876 3108 collatas,
902 3015 1025 3088 intuitu
1043 3012 1164 3090 divine
1190 3015 1438 3091 retribucionis
1454 3027 1899 3095 manutenerectoonser·

217 3140 305 3194 vare
329 3116 580 3194 inviolabiliter
605 3114 841 3216 dignaremur,
868 3143 935 3194 nos
962 3117 1128 3217 ejusdem
1152 3117 1372 3194 venerabilis
1397 3120 1510 3220 putris
1528 3130 1567 3196 et
1579 3121 1641 3223 sui
1667 3121 1814 3222 capituli
1833 3127 1898 3222 ju·

217 3221 349 3296 stis'et
373 3219 535 3296 honestis
560 3219 797 3321 peticionibus
821 3221 1001 3314 inclinati,
1034 3219 1130 3322 quod
1155 3243 1219 3322 per
1245 3220 1442 3323 predictum
1474 3221 1618 3300 stamen
1645 3235 1801 3299 nostrum
1825 3225 1898 3300 ka·

216 3323 390 3400 tissimum
423 3335 495 3398 tam
523 3323 583 3426 pie
610 3333 647 3400 et
670 3322 898 3401 laudabiliter
930 3349 1040 3426 super
1072 3325 1259 3426 premissis
1293 3326 1408 3404 eciam
1440 3325 1476 3400 in
1501 3325 1688 3428 premissis
1725 3328 1769 3402 ob
1796 3352 1898 3432 sporn

216 3425 337 3503 divine
361 3427 661 3504 remuneracionis
686 3427 820 3506 luctum
846 3440 919 3519 est,
947 3436 995 3504 de
1021 3456 1198 3505 mmemu
1223 3433 1400 3506 baronum
1429 3445 1633 3506 metrorum
1656 3445 1799 3518 rutum,
1819 3435 1895 3530 fir-

218 3561 318 3606 mum
335 3545 371 3604 et
386 3545 537 3630 gratum
554 3535 746 3623 babentes,
773 3532 953 3634 presentis
980 3531 1104 3634 scripti
1129 3533 1326 3634 patrocinio
1354 3533 1603 3610 communimus
1629 3544 1667 3610 et
1692 3557 1755 3635 pro
1780 3557 1899 3611 reme-

217 3632 278 3711 dio
304 3645 498 3709 nostrornm
526 3635 768 3734 peccaminum
800 3633 849 3711 ad
874 3635 1106 3714 bonorumet
1138 3635 1301 3714 ecclesie
1327 3633 1511 3714 comodum
1538 3647 1576 3714 et
1600 3637 1784 3714 utilitatem
1808 3667 1899 3736 pre-

217 3745 341 3814 dictus
356 3743 580 3814 dortuciones
597 3741 807 3814 libertatum
825 3754 863 3814 et
869 3741 1018 3836 jurium
1041 3747 1232 3815 duratium
1252 3748 1350 3834 dom.
1373 3749 1557 3840 episcopo,
1584 3749 1742 3816 ecclesie
1759 3742 1898 3816 Wrut.

217 3849 349 3942 totique
368 3849 467 3916 clero
485 3845 597 3915 datos
622 3855 660 3916 et
675 3871 878 3930 concessus,
901 3857 1014 3943 prout
1029 3851 1068 3918 in
1084 3852 1319 3920 instrumento
1338 3850 1506 3944 predicti
1522 3847 1665 3942 fratris
1680 3849 1794 3921 metri
1811 3851 1898 3920 inde

218 3947 387 4042 consecto
411 3949 551 4030 clarius
575 3951 794 4037 continetur,
820 3955 917 4022 sicut
939 3977 1058 4046 nuper
1076 3955 1339 4046 promisimus,
1365 3953 1421 4022 sic
1451 3961 1488 4022 et
1517 3973 1613 4022 nunc
1640 3955 1898 4045 promittimus,

217 4051 408 4146 dutufide
421 4075 494 4148 pru
511 4046 614 4122 nobie
630 4061 668 4123 ct
682 4054 954 4126 successoribus
971 4056 1113 4142 metris,
1131 4058 1253 4124 omnia
1270 4055 1491 4147 supradicta
1509 4065 1645 4136 tencre,
1657 4057 1898 4138 servumde-

211 4155 389 4249 feudere,
407 4159 512 4250 ipsus
529 4155 719 4228 libertates
736 4156 876 4249 ctjura
885 4159 1040 4228 ducatio
1057 4159 1150 4250 ipsis
1163 4159 1276 4228 dutus
1292 4166 1331 4228 ct
1347 4161 1504 4228 collutos
1515 4181 1563 4228 nc
1580 4158 1743 4228 traditus
1758 4177 1916 4232 necnon-
2047 4170 2052 4181 ’

218 4255 513 4333 renunciuciones
548 4265 585 4330 et
615 4253 806 4332 cessiones
838 4255 986 4332 omnium
1018 4253 1255 4356 predictorum
1287 4256 1322 4330 in
1356 4253 1451 4330 nullo
1508 4256 1625 4332 enitus
1657 4257 1794 4334 violare
1828 4267 1897 4336 trec

220 4382 379 4458 umquam
403 4357 504 4436 facto
528 4357 590 4436 vel
616 4355 781 4436 mandato
806 4359 843 4436 in
866 4359 937 4435 hiis
964 4357 1148 4438 offendere
1172 4360 1234 4437 vel
1259 4359 1316 4436 eis
1342 4281 1604 4460 quomoddlibet
1629 4359 1824 4452 contraire,
1858 4371 1898 4438 ut

217 4461 421 4540 oracionum
452 4462 634 4562 suffragiis
666 4462 828 4540 ecclesie
853 4463 989 4540 Wrut.
1023 4473 1061 4539 et
1090 4465 1236 4540 aliarum
1268 4463 1506 4542 ecclesiarum
1531 4461 1706 4564 dyocesis
1732 4460 1898 4564 ejusdem

217 4590 282 4668 pro
312 4577 383 4642 tarn
416 4565 475 4666 pio
508 4589 621 4666 opere
651 4563 805 4642 divinum
835 4563 1114 4644 misericordiam
1145 4565 1291 4644 lucilius
1324 4591 1592 4668 consequamur.
1647 4567 1819 4672 lncujus
1843 4568 1897 4648 rei

217 4669 454 4748 testimomm
485 4677 523 4744 et
549 4666 773 4750 evidenoium
797 4669 1010 4772 pleniorem,
1037 4667 1087 4748 ad
1112 4671 1324 4774 peticionem
1349 4668 1588 4774 predictorum
1614 4669 1706 4748 dom.
1731 4671 1897 4776 episcopi

262 4913 295 4988 l)
322 4905 402 4972 Uri.
423 4905 463 4970 N.
486 4905 564 4972 CCL
585 4927 658 4971 vom
679 4907 730 4974 23.
750 4909 822 4972 luni
846 4907 938 4975 ml.

262 4999 296 5073 i)
321 4989 403 5058 Uet.
424 4991 464 5056 N.
486 4991 593 5057 chv
614 5013 685 5058 vom
706 4989 757 5058 ld.
779 4993 851 5058 luni
875 4993 966 5061 1290.
1110 5009 1113 5016 ’
1160 5057 1164 5064 .
