4634 5762
394 522 469 608 liii
717 525 1341 605 ·Urtnudis.'cxts1.'=cxwll.
1372 527 1556 603 cnm
1576 517 1729 602 ’οΧῘῶ

258 759 354 811 exvr.
402 759 405 766 ·
449 729 454 738 ’
494 729 1184 833 Sabistai'ormascrip'tesuntiitter'e
1202 733 1580 832 omnips-emptoribus·
1636 735 1711 783 =··'
1776 763 1781 771 ⁴
1851 735 1856 746 '
2072 786 2077 797 ·

261 841 348 930 Μ,
494 833 691 914 Thomas
712 835 751 912 d.
825 849 933 914 ‚etc
988 835 1079 916 Cum
1104 850 1249 938 propter
1272 835 1485 912 manifestes
1506 838 1667 913 offensas
1692 835 2085 937 etnotoriasinjnrin'

234 903 358 968 ΜΨ·
390 944 441 1021 iil.
467 937 637 1044 princeps
662 935 761 1049 dunt.¹
818 935 1043 1040 teudone)
1070 939 1147 1016 dux
1169 939 1331 1017 Sieuie
1353 951 1391 1016 et
1414 937 1508 1015 dour.
1534 939 1677 1015 Wrat
1705 939 1769 1040 qui
1786 939 1895 1016 villas
1921 941 2086 1020 eccioeie

391 1041 515 1124 nostre
532 1043 758 1170 quamplures
776 1044 915 1121 detinet
931 1055 1134 1148 occupatas
1159 1059 1197 1121 et
1213 1045 1288 1120 alia
1304 1045 1568 1146 quamplurimo
1581 1044 1790 1144 gramina
1810 1045 2083 1144 percolimus

392 1147 616 1229 exaccioncs
631 1147 822 1226 -mdebitas
847 1162 884 1225 et
910 1148 1005 1225 alies
1029 1150 1288 1250 oppressiones
1314 1149 1438 1224 varias
1462 1149 1663 1223 tronumbris
1684 1148 1852 1224 ecclesie
1870 1148 2085 1250 impaasrrda

393 1279 568 1332 enervare
585 1253 703 1328 nititur
714 1258 801 1354 jura
819 1265 857 1330 et
875 1253 1167 1331 ecclesiasticam
1186 1253 1398 1344 libertatem,
1426 1277 1505 1330 cum
1524 1276 1707 1328 consensu
1725 1251 1873 1353 capituli
1891 1254 2003 1330 nostri
2020 1279 2086 1356 per

392 1385 458 1436 nos
477 1359 524 1434 ait
549 1358 936 1435 excommunicacionis
962 1357 1152 1434 sentencia
1169 1355 1359 1432 innodatus
1386 1367 1423 1432 et
1455 1355 1568 1430 omnis
1590 1355 1696 1431 locus
1720 1356 1754 1430 iu
1779 1369 1903 1432 nostra
1931 1355 2086 1460 dyocesi

391 1461 440 1539 ad
458 1486 703 1562 quemcunque.
716 1460 813 1538 idem
825 1463 1010 1563 princeps
1026 1460 1216 1540 devenerit
1238 1457 1402 1561 quamdiu
1428 1459 1464 1539 in
1486 1460 1576 1564 ipso¹
1594 1459 1707 1537 inerit·
1724 1483 1791 1561 per
1807 1480 1874 1539 uns
1890 1460 1941 1539 sit
1957 1463 2086 1562 subje-

326 1655 330 1665 ,
392 1579 473 1645 otus
492 1565 754 1644 ecclesiastico
769 1564 960 1642 interdicto
979 1577 1016 1642 et
1032 1566 1231 1668 prohibitus
1248 1563 1749 1647 in'omrtibus'eoclesiastiois
1763 1565 1999 1654 sacrementis
2014 1589 2084 1642 ex-

391 1679 501 1772 cepta
517 1669 726 1772 penitencie
739 1671 965 1747 morieucium
984 1682 1022 1746 et
1040 1669 1253 1771 baptismate
1270 1669 1498 1771 parvulorum
1521 1668 1618 1758 etin
1642 1668 1724 1769 ipso
1743 1667 1829 1754 luco
1853 1669 1969 1758 eciam
1986 1669 2083 1757 intes

392 1774 455 1850 rim
473 1772 667 1852 interdicta
685 1773 947 1852 ecclesiastica
961 1773 1164 1875 sepultura,
1192 1771 1401 1851 mandamus
1417 1772 1523 1850 rubis
1540 1773 1608 1850 sub
1624 1774 2084 1874 penaexcommunicaoio·

390 1879 467 1972 uis,
491 1903 595 1978 qnam
613 1901 663 1954 ex
680 1878 825 1955 nuncin
842 1902 911 1952 vos
928 1877 1093 1970 ierimus,
1121 1879 1155 1954 si
1178 1875 1335 1958 mandati
1359 1877 1472 1956 nostri
1488 1876 1630 1957 tiones
1654 1887 1965 1976 transgressores,
1992 1899 2083 1978 qua·

389 1993 498 2060 tenure
521 1981 640 2058 suun
663 1981 756 2058 riuis
780 1975 1009 2082 presentibus
1040 1993 1186 2058 vestus
1211 1979 1376 2058 subditos
1409 1977 1460 2058 ed
1488 2005 1591 2064 nurum
1624 1990 1759 2062 emtum
1782 1981 1899 2058 locum
1927 1994 1965 2060 et
1988 1981 2084 2063 dien

391 2085 602 2164 convocetis
621 2097 658 2162 et
674 2086 767 2186 ipsis
784 2085 878 2163 istas
895 2098 1040 2164 nostrus
1058 2085 1268 2165 sentencias
1285 2084 1495 2188 publicetis,
1522 2084 1704 2164 iacientes
1727 2109 1800 2164 eas
1820 2085 1888 2163 snb
1912 2083 2084 2188 peoaoi*

390 2190 463 2266 ficii
481 2201 519 2266 et
536 2189 703 2268 beneficii
720 2189 864 2266 firmiter
881 2191 1080 2266 observari.
1133 2195 1260 2264 Datum
1279 2199 1351 2266 etc.

1109 2399 1225 2405 -..-.—-—
1235 2399 1307 2406 -...-—
1318 2399 1349 2406 -n

238 2543 346 2598 GKVH·
492 2533 600 2628 Item,
629 2531 1415 2632 dcccooetcapituloGlogoniensisicr
1482 2591 1484 2594 -
1539 2517 1543 2526 ¹
2016 2627 2019 2636 Ι

222 2624 350 2756 affin
361 2702 373 2758 )
494 2636 586 2716 Cum
603 2663 667 2739 pro
693 2647 749 2732 ter
766 2637 978 2713 manifestas
997 2638 1157 2713 offensas
1176 2647 1214 2713 et
1237 2637 1397 2713 notorias
1421 2635 1571 2736 iujurias
1594 2633 1744 2712 illustris
1761 2636 1932 2740 princeps
1956 2627 2084 2720 etati

272 2733 279 2748 ’
352 2733 359 2749 ’
391 2765 502 2842 supra
528 2742 596 2838 (N.
616 2664 779 2839 cdvi).
807 2736 1023 2834 Mandamus
1046 2742 1151 2816 vobis
1166 2743 1236 2834 sub
1256 2765 1352 2842 pena
1369 2740 1774 2834 excommunicacionis,
1800 2762 1905 2841 quam
1924 2766 1974 2817 ex
1991 2767 2082 2820 nunc

389 2843 426 2918 in
440 2869 507 2920 vos
523 2843 681 2938 ferimus,
701 2847 732 2920 si
750 2843 907 2922 mandati
925 2846 1036 2920 nostri
1054 2845 1193 2921 fireritis
1212 2855 1517 2946 transgressores,
1537 2855 1713 2945 quatenus
1729 2845 1823 2920 istas
1839 2855 1981 2921 nostres
1995 2869 2082 2922 sem

389 2949 548 3043 teucias,
577 2973 655 3026 cum
680 2949 748 3028 rite
773 2959 809 3026 et
826 2949 1001 3049 legittime
1019 2949 1094 3026 late
1112 2950 1182 3024 sint
1207 2959 1243 3025 et
1260 2949 1449 3025 sentencia
1465 2949 1643 3052 pastoris,
1670 2949 1752 3046 sive
1769 2953 1875 3050 justa
1891 2950 1970 3026 sive
1987 2951 2081 3051 irtju·

390 3063 467 3146 sta,
495 3051 659 3144 tenenda,
672 3055 737 3147 sit,
764 3053 908 3130 tinnitor
925 3063 963 3129 et
978 3053 1231 3130 iuviolabiliter
1247 3054 1462 3130 observetis.
1516 3054 1648 3128 Datum
1665 3063 1737 3130 etc.

235 3413 357 3552 teger·
454 3393 600 3574 ‘inem’
629 3397 795 3474 iratribus
816 3401 1121 3476 Predioatoribus
1139 3393 1187 3472 de
1206 3395 1289 3472 Gla
1296 3398 1432 3498 gonia
1455 3408 1491 3474 et
1510 3395 1558 3474 de
1575 3399 1781 3500 Leguicz
1798 3424 1938 3476 necnmn
1956 3412 1993 3478 et
2010 3388 2081 3497 itti,

326 3533 349 3582 ν,
391 3522 466 3573 non
492 3525 534 3573 us
553 3526 626 3577 suc:

222 3565 279 3630 (δι’
295 3571 374 3627 Μ’)
494 3601 585 3680 Cum
602 3613 748 3704 propter
764 3601 977 3678 manifestas
995 3603 1156 3679 offensas
1175 3613 1213 3679 et
1229 3604 1388 3680 notorias
1405 3603 1555 3706 iujurias
1574 3609 1646 3682 etc.
1663 3612 1701 3680 ut
1716 3631 1827 3708 supra
1840 3605 1909 3705 (N.
1918 3589 2079 3706 cxvii

389 3705 580 3782 Hortamur
602 3707 711 3806 igitur
732 3731 800 3781 vos
825 3706 860 3780 in
884 3703 1024 3780 domino
1051 3717 1088 3783 et
1111 3733 1311 3801 monemus,
1338 3719 1377 3784 ut
1400 3709 1515 3784 solum
1539 3705 1644 3786 deum
1669 3708 1847 3788 habentes
1870 3736 1936 3814 pre
1954 3711 2079 3805 oculis,

320 3874 327 3890 ,
349 3882 353 3895 ,
390 3809 514 3888 timore
533 3821 570 3888 et
587 3835 706 3886 amore
724 3809 956 3919 postpositis,
984 3810 1079 3886 sicut
1102 3808 1213 3887 decet
1235 3812 1334 3888 viros
1353 3813 1563 3914 religiosos,
1582 3813 1692 3914 ipsas
1710 3826 1854 3892 nostras
1873 3817 2081 3894 sentencias

389 3913 776 3992 excommunicacionis
801 3923 839 3990 et
861 3911 1058 4008 interdicti,
1093 3939 1174 3992 cum
1198 3913 1395 3994 secuudum
1422 3918 1619 3994 canonicas
1650 3910 1877 3996 sancciones'
1893 3919 2082 4008 sentencia

343 4026 362 4068 =³
389 4020 547 4120 pastoris
566 4019 647 4094 sive
658 4021 764 4118 justa
781 4017 829 4094 sit
846 4028 917 4096 etc.
930 4023 1043 4118 juxta
1058 4028 1217 4096 tenorem
1233 4021 1497 4122 privilegiorum
1514 4031 1714 4098 vestrorum
1736 4020 1916 4100 studeatis
1939 4025 2082 4102 firmiter

391 4135 429 4200 et
445 4123 696 4200 inviolabiliter
713 4123 922 4200 observare.
975 4123 1108 4199 Datum
1126 4135 1198 4202 etc.

1348 4335 1438 4344 *auu—⁴

257 4469 363 4538 cxix(
495 4467 597 4564 Item,
619 4469 740 4548 littera
758 4469 870 4546 otissa
887 4465 979 4551 dom.
999 4441 1275 4572 archiepiscopo
1299 4458 1638 4574 (Guezuensi).¹
1761 4525 1766 4534 -
1995 4527 1999 4536 ·
2070 4553 2075 4566 ⁸

259 4567 337 4638 mv
497 4571 709 4652 Patamitati
732 4587 858 4651 vestre
881 4571 976 4650 reaia
1001 4598 1070 4676 que
1087 4598 1155 4650 nos
1178 4569 1399 4650 circumdant
1415 4575 1575 4652 intimare
1592 4575 1716 4674 gravis
1739 4575 1976 4656 necessitatis
1994 4575 2080 4653 artiss

241 4641 356 4710 aare
394 4671 498 4750 culus
515 4700 583 4752 „os
601 4678 791 4780 compellit.
843 4675 901 4752 ΠΙ.
921 4675 1459 4790 erimprincepsllenricus,
1486 4675 1562 4754 dux
1579 4675 1739 4758 Slezie
1763 4673 2079 4795 et-dom.Wrat,

395 4789 604 4856 cantianos
623 4793 659 4854 et
676 4793 831 4856 nostram
850 4781 1047 4856 ecclesiam
1065 4779 1225 4880 graviter
1239 4775 1445 4880 indignatus
1462 4788 1527 4884 pro
1546 4809 1604 4872 eo,
1631 4781 1726 4883 quod
1745 4781 1780 4858 in
1798 4784 1912 4885 ipsum
1931 4809 2081 4861 excom·

394 4883 649 4960 municacionis
680 4895 718 4960 et
739 4883 919 4961 interdicti
942 4884 1170 4977 sentencias,
1210 4883 1393 4982 legittimis
1418 4887 1673 4964 municionibus
1701 4888 1923 4996 promissis,-
1940 4889 2082 4998 tuliupus

392 4997 538 5090 propter
554 4987 682 5064 multos
707 4999 744 5066 et
760 4988 972 5066 manifestos
996 4999 1034 5066 et
1050 4988 1208 5064 notorias
1230 5011 1433 5086 excessus,
1460 4991 1587 5092 qrribus
1610 4991 1776 5092 gravauit
1801 5003 1839 5068 et
1862 5004 1991 5092 gravat
2015 5017 2081 5070 no-
