4594 5774
395 447 497 590 Ν988
939 566 944 575 ·
1007 511 1218 588 Urbanum
1274 511 1527 588 mertem.

417 741 558 797 necnon
584 727 623 796 et
647 717 815 794 universo
842 715 941 794 clero
966 727 1037 792 tam
1063 715 1235 816 religioso
1261 741 1365 817 qrram
1390 715 1549 794 seculari
1574 715 1732 793 ciuitatis
1765 728 1803 793 et
1828 713 1970 794 domimi
1996 719 2105 799 nurui

417 821 562 900 Wret.
596 821 826 920 amnibusque
858 831 896 896 et
922 819 1074 920 singulis
1101 819 1210 898 dictis
1236 821 1362 898 cauus
1387 831 1425 898 et
1449 819 1614 920 negociis
1647 818 1953 922 dependentibus,
1988 845 2104 899 emer-

417 925 585 1028 gentibus
610 949 677 1000 eeu
704 923 874 1017 annexu,
906 921 1038 1000 dautes
1065 935 1103 1000 et
1128 921 1374 1002 concedentes
1406 921 1523 1001 eidem
1548 924 1781 1026 primogenito
1814 935 1851 1002 et
1885 927 2104 1031 procuratori

417 1033 543 1106 nostro
566 1041 691 1105 tenore
741 1028 943 1105 reseucium
967 1027 1108 1130 plenum
1134 1026 1336 1104 mandatum
1362 1039 1401 1104 et
1430 1027 1580 1104 liberam
1605 1051 1652 1104 ac
1678 1027 1909 1105 omnimodam
1942 1039 2106 1131 potesta·

417 1147 501 1224 terr,
528 1155 697 1234 compre
725 1131 808 1208 'ctis
835 1128 985 1206 dominis
1013 1185 1052 1206 ..
1080 1131 1266 1234 episcope,
1295 1130 1452 1234 capitulo
1479 1143 1516 1207 et
1542 1131 1642 1208 clero
1667 1131 1751 1208 vioe
1777 1133 1881 1232 regie
1906 1147 1944 1210 et
1969 1135 2106 1210 nomine

417 1245 542 1314 amun
567 1260 678 1336 super
703 1245 826 1312 castro
843 1235 1001 1311 Milion
1024 1259 1091 1337 per
1115 1261 1183 1311 nos
1209 1247 1317 1338 capto
1344 1247 1382 1312 et
1406 1235 1585 1312 universis
1611 1245 1650 1311 et
1675 1235 1828 1335 singulis
1850 1235 2026 1340 dampnis,
2052 1239 2106 1312 in-

413 1341 521 1443 juriis
547 1339 639 1441 ipsis
663 1362 730 1441 per
755 1363 823 1414 nor
851 1349 889 1415 et
914 1337 1093 1415 officiales
1119 1349 1262 1414 nosnos
1289 1363 1356 1415 seu
1383 1336 1549 1414 subditus
1582 1349 1726 1415 nostros
1751 1351 1875 1416 nostro
1907 1343 2104 1420 nomine'iu

417 1441 645 1535 redditibus,
666 1443 849 1536 censibus,
885 1442 987 1518 honis
1014 1453 1051 1519 et
1077 1443 1344 1543 quibuscunque
1364 1442 1505 1543 juribus
1532 1440 1741 1535 eorundem,
1773 1455 1813 1519 ut
1838 1458 2024 1538 asserunt,
2057 1446 2105 1520 ir-

418 1546 556 1647 rogetis
583 1543 819 1648 conponendi,
847 1543 1107 1638 concordandi,
1132 1543 1374 1646 transigendi,
1399 1544 1631 1648 paciscendi,
1666 1545 1977 1648 conprendttendi,
2010 1549 2104 1625 arhi-

417 1663 494 1728 tros
521 1649 698 1749 eligendi,
733 1650 767 1724 in
802 1673 868 1726 eos
895 1648 1170 1742 consenciendi,
1205 1675 1325 1726 eorum
1352 1649 1529 1726 arbitrium
1561 1674 1628 1726 seu
1654 1651 2012 1752 pronuucoiaciouem
2038 1675 2105 1754 ap·

418 1752 594 1859 probandi
618 1765 658 1831 et
683 1752 924 1853 emolugendi,
959 1756 1169 1831 caucionem
1202 1766 1239 1830 et
1269 1752 1510 1854 fidejussores
1543 1778 1609 1854 pro
1634 1753 1737 1830 nobis
1769 1767 1806 1831 et
1830 1756 1963 1832 nostris
1996 1753 2105 1832 dandi

420 1872 459 1936 et
483 1856 677 1959 obligandi,
709 1851 916 1960 privilegia,
949 1858 1156 1948 libertates,
1190 1856 1442 1957 indulgencias
1469 1881 1516 1934 ao
1541 1857 1765 1935 inmunitates
1792 1856 1966 1935 dicturum
1991 1857 2104 1936 domi-

418 1987 539 2039 norum
565 2017 602 2038 ..
630 1962 806 2064 episcopi,
834 1961 981 2062 capituli
1006 1973 1044 2038 et
1070 1962 1169 2054 oleri,
1196 1963 1409 2038 auctoritate
1444 1971 1482 2037 et
1506 1961 1591 2038 vice
1617 1973 1741 2036 nostra
1766 1963 1870 2064 regia
1895 1974 1933 2040 et
1964 1965 2105 2066 proprio

417 2068 557 2144 nomine
583 2063 821 2168 approbandi,
849 2063 1069 2157 reddeundi,
1100 2063 1292 2141 innovandi
1318 2079 1431 2142 etex
1457 2075 1561 2141 certa
1577 2065 1750 2142 'sciencia
1774 2077 1948 2168 perpetuo
1975 2068 2105 2143 contir-

418 2169 557 2265 mandi,
596 2169 916 2247 renunceiaeiones
950 2180 987 2246 et
1019 2169 1276 2272 promissiones
1309 2169 1345 2243 in
1383 2168 1571 2270 premissis
1610 2169 1844 2246 necessarias
1876 2169 2036 2249 faciendi
2068 2185 2106 2248 et

419 2275 637 2376 generaliter
663 2275 779 2350 omnia
805 2286 842 2349 et
867 2273 1011 2374 singula
1037 2269 1253 2380 exercendi,
1279 2271 1512 2373 procurandi,
1539 2270 1692 2372 agendi,
1719 2297 1789 2373 que
1815 2287 1954 2352 uosmet
1980 2275 2105 2352 iacere

417 2403 627 2481 possemus,
670 2379 704 2454 si
742 2377 1016 2481 presencialiter
1053 2400 1120 2452 seu
1160 2376 1398 2478 personaliter
1435 2373 1669 2468 adessemus,
1711 2377 1866 2470 ,eciamsi
1904 2377 2105 2455 mandatum
2219 2373 2222 2388 ’

420 2481 610 2583 exigerent
642 2481 825 2584 speciale,
864 2482 925 2558 vel
958 2481 992 2556 si
1030 2485 1200 2580 majorem
1234 2504 1359 2556 casum
1390 2477 1557 2582 predicta
1579 2479 1702 2556 -omnie
1738 2491 1776 2557 et
1808 2481 1953 2582 singula
1983 2485 2105 2583 requi-

417 2597 538 2664 rerent
569 2610 673 2685 quam
700 2587 865 2687 superius
897 2585 946 2660 sit
977 2609 1210 2686 expressum,
1237 2594 1370 2678 ratum,
1397 2593 1536 2684 gratum
1569 2595 1606 2659 et
1635 2583 1768 2658 tirmum
1798 2586 1983 2687 perpetuis
2013 2601 2103 2663 tem·

419 2689 564 2791 poribus
590 2688 741 2764 habituri
778 2686 947 2788 quidquid
980 2713 1046 2789 per
1075 2689 1248 2790 prelatum
1283 2687 1547 2789 primogenitum
1580 2697 1619 2763 et
1649 2699 1912 2788 procuratorem
1946 2702 2100 2766 nostmm

419 2803 557 2884 ectum,
591 2803 733 2891 gestum
759 2805 797 2867 et
821 2804 1045 2892 procuratum
1069 2790 1234 2869 fueritin
1260 2792 1448 2894 premissis
1477 2802 1515 2866 et
1547 2789 1703 2890 quolibet
1734 2793 1999 2892 premissorum,
2032 2795 2100 2868 suh

419 2898 587 2972 bonorum
612 2905 808 2970 nostrorum
834 2896 982 2970 omnium
1007 2895 1202 2997 ypotheca.
1255 2895 1295 2970 ln
1323 2900 1429 2996 cujus
1453 2895 1505 2970 rei
1531 2894 1765 2970 testimonium
1791 2921 1946 2998 presens
1969 2920 2101 2999 procu-

419 3000 584 3076 ratorium
609 2998 719 3076 scribi
752 3010 790 3075 et
821 2999 931 3098 sigilli
960 3001 1074 3075 nostri
1098 2999 1273 3076 voluimus
1305 2998 1490 3075 munimine
1523 2998 1691 3074 roborari.
1751 3000 1884 3078 Actum
1919 3011 1957 3078 et
1981 2998 2104 3076 datum

419 3105 587 3204 Prage,
613 3104 649 3178 iu
675 3101 781 3179 domu
806 3102 1045 3180 habitacionis
1070 3113 1205 3196 nostre,
1232 3102 1300 3178 111.
1327 3127 1442 3179 nonas
1467 3101 1671 3195 F'ebnrarii,
1705 3127 1799 3180 auno
1825 3102 1955 3182 domini
1986 3105 2105 3183 nuille-

420 3208 510 3286 simo
534 3207 787 3286 trecentesimo
819 3205 1096 3308 quadragesimo
1128 3205 1311 3302 secundo,
1343 3205 1572 3309 presentibus
1597 3207 1863 3284 venerabilibus
1894 3207 2103 3288 Johanue

421 3312 596 3414 episcopo
626 3309 943 3404 -Olomuceusi,
987 3309 1208 3392 Bertoldu
1248 3309 1297 3388 de
1336 3311 1451 3413 Ilipa
1489 3307 1876 3410 wissegradensi
1918 3315 2103 3414 preposito

420 3415 666 3594 curtus
695 3414 1393 3595 ltstatutt,littt’lt’
1406 3412 2102 3622 ttttteitttttbttlittle

1043 3573 1053 3610 l
1756 3575 1766 3612 7

278 3667 280 3676 ι
421 3618 611 3698 Naohod
645 3630 682 3696 et
706 3619 995 3699 Theoderico
1029 3619 1077 3697 de
1103 3621 1377 3698 Houicherin
1410 3618 1576 3698 fidelibus
1610 3621 1741 3696 nostrie
1768 3621 1913 3702 dilectis
1946 3625 2100 3734 aeoliis

421 3725 575 3802 testibus
600 3720 673 3800 tide
699 3721 829 3824 dignis.
