4552 5786
414 507 491 584 ud
959 505 1171 581 Urhuodea
1225 505 1424 580 OEXGIX.
1454 507 1549 580 (XX).

414 737 484 812 qne
509 710 641 789 uostris
659 710 873 809 consignare
898 732 1104 786 curaremus
1128 709 1163 786 in
1186 707 1295 788 tidem
1320 722 1358 788 et
1381 709 1615 788 testimonium
1639 705 1833 786 ineisdem
1854 707 1974 786 literis
1999 733 2090 788 eom

415 829 604 908 tentorum,
631 839 774 914 quarum
798 811 939 913 quidem
964 813 1143 890 literarum
1164 821 1290 914 prime
1315 827 1417 892 tenor
1441 817 1602 915 sequitur
1625 814 1660 890 in
1686 813 1758 890 hec
1782 815 1914 892 verba:

528 1229 553 1318 ¹)
562 1226 738 1302 Noveriut
754 1225 923 1317 universi,
941 1237 1132 1326 presentes
1148 1225 1273 1302 literas
1289 1225 1496 1328 inspecturi,
1523 1225 1617 1326 quod
1634 1251 1713 1318 nos,
1739 1228 1778 1302 N
1784 1225 1963 1302 ieolaus
1980 1225 2095 1302 Kel-

417 1355 494 1408 ner
518 1332 690 1431 magister
716 1329 899 1406 consulum
924 1353 1062 1406 necnon
1090 1330 1253 1405 Petrus
1279 1328 1588 1422 Groscheuer,
1615 1329 1834 1432 Sydlinus
1859 1330 2094 1430 Lyvvingi,

417 1439 572 1514 Hence
590 1434 841 1524 Wilhelmi,
868 1432 1131 1534 Stephanus
1159 1432 1374 1526 Vasaldi,
1399 1432 1621 1510 lludlinus
1646 1435 1843 1536 Hopple,
1869 1433 2096 1510 Nicolans

421 1535 647 1642 Wynandi
674 1551 712 1614 et
738 1535 972 1614 Conradus
998 1539 1200 1628 Beroen,
1222 1538 1393 1614 consules
1419 1537 1576 1614 civitatis
1600 1537 1852 1638 Nysensis,
1878 1539 2095 1614 affectantes

417 1669 468 1722 ex
499 1643 613 1720 auimo
640 1641 860 1718 serenissimi
885 1641 1065 1742 principis,
1106 1638 1198 1716 dom.
1233 1641 1395 1716 Karoli
1427 1641 1616 1718 Romanor.
1657 1643 1757 1740 regis
1791 1667 1904 1742 semp.
1938 1665 2022 1740 nug.
2058 1652 2097 1718 et

417 1747 597 1824 Boemie
630 1746 742 1844 regis,
775 1745 877 1830 nobis
903 1745 1062 1844 graciam
1088 1743 1269 1822 attrahere
1303 1757 1340 1821 et
1365 1745 1542 1838 savorem,
1576 1756 1768 1846 sperantes
1795 1769 1845 1822 ex
1870 1744 2096 1846 promocione

417 1853 532 1954 ipsius
557 1849 676 1940 nobis,
711 1848 848 1924 civitati
881 1873 926 1924 ac
960 1862 1055 1926 terre
1079 1847 1283 1950 Nysensi
1314 1850 1418 1950 pacis
1446 1859 1483 1925 et
1507 1849 1768 1948 tranquillitatis
1794 1845 1981 1926 commoda
2005 1848 2097 1924 mul·

418 1955 554 2060 tiplicia
577 1954 783 2056 provenire,
811 1951 896 2042 sibi,
922 1949 1116 2030 heredibus
1143 1961 1204 2026 aut
1235 1952 1512 2030 successoribus
1544 1953 1621 2028 suis
1648 1952 1830 2030 Boemie
1859 1952 2006 2052 regibus
2030 1977 2097 2054 pro

417 2060 521 2136 nobis
547 2069 584 2133 et
609 2055 886 2134 successoribus
919 2055 1063 2146 uostris,
1096 2051 1144 2131 de
1170 2055 1323 2156 speciali
1356 2067 1393 2132 et
1418 2080 1598 2157 expresso
1624 2054 1790 2132 mandato
1816 2054 1947 2148 domini
1972 2056 2096 2148 nostri,

420 2161 513 2240 dom.
539 2159 746 2236 Priczlai
773 2183 829 2258 ep.
847 2155 985 2232 Wrat.
1012 2168 1050 2234 et
1075 2182 1254 2234 consensu
1281 2159 1427 2260 capituli
1453 2157 1617 2259 ejusdem
1636 2159 1810 2251 ecclesie,
1837 2159 1931 2234 bona
1955 2170 1995 2238 et
2020 2161 2097 2236 sin·

422 2291 510 2346 cera
532 2277 656 2342 nostra
681 2259 753 2338 lide
780 2259 1007 2362 promittimus
1038 2261 1291 2363 imperpetuum
1324 2273 1361 2340 et
1393 2261 1631 2364 spondemus,
1665 2260 1761 2364 quod
1793 2263 1923 2338 nullum
1955 2264 2097 2364 penitus

420 2393 560 2469 regem,
593 2365 787 2470 principem
811 2364 871 2440 vel
897 2373 1076 2466 potentem
1109 2375 1328 2459 extraneum,
1354 2377 1477 2470 utpote
1503 2380 1609 2444 extra
1634 2367 1774 2467 Wrat.
1808 2363 1983 2444 diocesim
2008 2391 2096 2444 con-

287 2503 291 2511 ·
421 2474 589 2564 stitutum,
613 2466 776 2572 predicto
803 2465 1077 2544 dom.Karolo
1102 2492 1169 2544 seu
1195 2467 1310 2570 ipsius
1335 2468 1529 2548 heredibus
1556 2481 1593 2548 et
1619 2471 1897 2548 successoribus
1921 2471 2097 2548 Boemie

421 2576 567 2674 regibus
593 2585 654 2650 aut
679 2573 794 2648 eciam
820 2572 897 2646 suis
923 2571 1139 2673 principibus
1172 2573 1206 2648 in
1231 2571 1315 2674 ipsa
1339 2573 1479 2650 Wrat.
1513 2571 1654 2652 diocesi
1688 2600 1777 2650 suos
1809 2575 2029 2676 principatus
2060 2585 2099 2651 et

422 2677 576 2754 dominia
599 2676 831 2766 habentibus,
865 2675 923 2773 qui
949 2675 1004 2750 soi
1029 2674 1162 2750 vasalli
1188 2677 1365 2768 existunt,
1400 2703 1446 2754 ao
1473 2677 1587 2755 eciam
1614 2679 1751 2754 civitati
1775 2679 1921 2754 Wrat.
1952 2689 1990 2756 et
2014 2682 2096 2776 ejus

422 2781 575 2858 annexis
601 2777 650 2856 ad
674 2779 788 2880 ipsum
814 2801 936 2878 regem
962 2789 1000 2856 et
1024 2803 1170 2878 regnum
1195 2779 1450 2884 pertinentibus
1476 2782 1683 2858 contrariari
1714 2806 1780 2858 seu
1807 2779 1994 2860 adversari
2025 2804 2093 2856 vo·

421 2885 562 2973 lentem,
588 2889 835 2961 includerem
861 2896 1022 2958 nostram
1054 2887 1257 2980 Nyeemsem
1290 2886 1472 2986 perpetuis
1505 2886 1720 2986 temporibus
1752 2889 1955 2962 debeamus
1982 2892 2094 2960 iatro-

422 2995 565 3064 mittere
590 3016 656 3062 sea
681 2991 946 3088 quomodolibet
969 3001 1165 3086 receptare
1191 2985 1226 3061 iu
1252 2986 1404 3088 predicti
1430 2986 1521 3064 dom.
1540 2987 1722 3082 Karoli,
1748 2986 1920 3066 heredum
1948 3000 1983 3065 et
2007 3012 2096 3064 sue·

423 3115 607 3170 cessorem
638 3091 721 3190 ejus
758 3113 881 3188 regum
913 3091 1095 3166 Boemie
1128 3101 1165 3166 et
1198 3087 1368 3168 dictorum
1408 3092 1599 3194 principum
1632 3091 1848 3169 vasallorum
1881 3117 2022 3168 suorum
2060 3103 2098 3168 et

422 3195 537 3300 ipsius
564 3195 720 3271 civitatis
736 3193 874 3267 Wrat.
902 3191 1136 3294 dispendium,
1163 3219 1232 3270 nec
1258 3193 1396 3272 eisdem
1422 3197 1607 3273 extraneis
1633 3196 1791 3296 regibus,
1816 3196 2034 3298 principibus
2060 3205 2098 3272 et

449 3299 637 3390 utentibus,
665 3302 920 3398 cujuscumque
946 3295 1166 3373 condicionis
1193 3321 1258 3374 reu
1286 3309 1403 3374 status
1430 3299 1606 3391 existant,
1639 3298 1819 3376 adversus
1846 3297 1978 3376 dictum
2004 3297 2095 3375 dom.

404 3327 652 3492 herulum,
686 3397 845 3476 heredes
873 3411 910 3476 et
935 3425 1175 3479 successores
1201 3427 1288 3478 suos
1313 3403 1496 3480 Boemie
1522 3427 1633 3504 reges
1658 3429 1797 3480 necnon
1823 3403 2004 3505 principes
2029 3428 2097 3478 va-

425 3506 540 3582 sallos
564 3506 678 3607 ipsius
705 3528 750 3580 ac
777 3503 891 3580 eciam
918 3503 1097 3581 civitatem
1124 3505 1263 3580 Wrat.
1289 3507 1441 3607 prebere
1468 3507 1670 3598 consilium,
1703 3507 1873 3582 auxilium
1903 3507 1963 3584 vel
1990 3507 2096 3582 lavo-

423 3633 556 3696 vorem,
583 3633 628 3684 eo
655 3607 758 3682 salvo
784 3605 968 3683 dumtaxat
994 3617 1031 3684 et
1057 3619 1232 3710 excepto,
1259 3610 1294 3684 si
1318 3635 1385 3686 rex
1410 3610 1602 3704 Boemie,
1630 3609 1688 3710 qui
1714 3635 1777 3712 pro
1803 3621 1961 3711 tempore
1979 3609 2095 3700 luerit,

316 3807 320 3816 1
427 3712 586 3789 dominos
613 3722 755 3786 nostros
781 3765 820 3784 ..
848 3709 1054 3814 episcopos,
1080 3713 1138 3812 qui
1163 3737 1227 3814 pro
1254 3723 1411 3814 tempore
1437 3715 1577 3802 luerint,
1605 3769 1645 3788 ..
1673 3713 1862 3816 capitulum
1880 3715 1939 3790 vel
1967 3714 2096 3790 clerum

426 3817 541 3920 ipsius
573 3827 610 3892 et
634 3815 788 3916 ipsorum
813 3815 918 3908 bona,
944 3811 1040 3916 quod
1065 3816 1177 3908 absit,
1210 3815 1360 3892 forsitan
1391 3817 1534 3917 publice
1558 3817 1814 3918 impungnaret,
1840 3830 1923 3894 tuuc
1949 3843 2016 3894 nos
2041 3815 2096 3894 dr·

427 3932 508 3999 ctos
534 3917 693 3996 dominos
717 3930 858 3994 nostros
885 3973 924 3992 ..
952 3919 1146 4020 episcopos
1174 3975 1213 3994 ..
1247 3921 1437 4022 capitulum
1463 3946 1509 3997 ae
1536 3921 1669 3998 clerum
1700 3921 1813 4023 ipsius
1839 3920 2015 4021 adjuvare
2040 3933 2097 3998 te'-

427 4025 584 4102 nebimur
615 4033 652 4099 et
684 4022 739 4098 cis
770 4033 944 4122 tamquam
977 4021 1126 4100 dominis
1159 4025 1289 4100 nostris
1323 4021 1550 4101 hereditariis
1582 4023 1760 4101 assistere
1793 4023 1908 4102 modis
1940 4024 2097 4101 omnibus

428 4139 465 4206 et
489 4152 553 4232 pro
579 4150 703 4228 posse.
754 4123 807 4201 Et
832 4125 864 4200 si
890 4125 1018 4226 aliquis
1043 4151 1110 4202 seu
1135 4127 1242 4227 aliqui
1267 4127 1458 4230 principum
1484 4127 1699 4205 vasallorum
1731 4129 1765 4203 in
1792 4126 1933 4206 diocesi
1956 4129 2096 4214 Wrat.

428 4229 663 4309 existencium
688 4227 748 4306 vel
774 4231 856 4330 ipsa
880 4231 1010 4306 civitas
1035 4231 1175 4305 Wrat.
1202 4232 1303 4332 ipsos
1330 4230 1490 4308 dominos
1516 4245 1659 4308 nostros
1686 4287 1722 4307 ..
1750 4233 1945 4334 episcopos
1971 4288 2007 4306 ..
2033 4257 2098 4310 ca-

428 4337 571 4438 pitulum
596 4335 656 4411 vel
683 4335 815 4410 clerum
839 4334 953 4433 ipsius
978 4333 1171 4410 molestare
1187 4335 1248 4410 vel
1271 4335 1362 4435 ipsis
1388 4360 1568 4434 gwerram
1593 4360 1737 4412 movere
1763 4348 1801 4412 et
1825 4359 1955 4436 gerere
1977 4337 2013 4410 in
2033 4361 2098 4414 ne-

430 4440 547 4539 gabiis
571 4449 610 4516 et
635 4438 758 4516 causis
782 4438 934 4538 propriis
959 4447 1187 4526 conarentur,
1219 4449 1303 4514 tunc
1334 4433 1484 4514 dominis
1514 4439 1647 4515 nostris
1672 4436 1846 4539 predictis
1879 4451 1954 4516 toto
1979 4451 2099 4516 nostro

430 4567 543 4644 posse
567 4541 726 4619 similiter
750 4541 974 4618 assistemus.
1008 4541 1062 4617 Et
1086 4541 1329 4618 nichilominus
1354 4567 1422 4621 rex
1439 4543 1636 4634 Roemie,
1662 4542 1721 4640 qni
1745 4567 1810 4644 pro
1835 4554 1994 4646 tempore
2018 4543 2099 4622 fue·

432 4648 492 4751 rit,
520 4671 628 4747 super
653 4669 699 4722 eo
723 4669 789 4748 per
813 4641 932 4723 dictos
958 4643 1118 4722 dominns
1144 4655 1286 4721 nostros
1313 4701 1352 4721 ..
1387 4647 1581 4749 episcopos
1606 4645 1668 4722 vel
1694 4701 1732 4721 ..
1767 4647 1955 4749 capitulum
1981 4647 2098 4747 requi·

480 4972 514 5052 ι)
541 4931 712 5034 memma
732 4969 891 5060 geusae
912 4994 936 5034 s.
957 4965 1107 5036 wana
1127 4967 1216 5036 sues.
1237 4966 1315 5059 upt
1335 4967 1373 5042 u.
1394 4965 1467 5032 rar.
