4594 5774
824 501 1036 576 ortamno.
1092 464 1298 576 oenxxr.
1412 441 1417 455 ’
1752 505 1756 514 ·
1835 503 1911 604 noa

219 707 293 786 bea
314 706 351 784 in
376 705 439 782 tile
465 704 618 806 cuspis
642 699 874 806 appendenti,
899 725 969 780 nou
996 703 1255 797 concellum,
1286 727 1355 780 oon
1381 729 1513 796 rasam,
1540 729 1609 784 nou
1635 707 1816 804 abolitam,
1841 733 1913 788 uon

219 819 429 912 snspectm
459 833 530 888 nec
555 807 591 883 in
616 808 739 906 nuqua
763 807 820 882 sni
852 817 956 908 parte
988 807 1157 883 viciatum
1190 805 1391 886 reverendo
1417 809 1452 884 in
1479 807 1626 887 Christo
1652 813 1744 914 patri
1770 810 1912 890 domino

218 914 448 1006 Proculae
475 913 651 1013 episcopo
677 910 814 986 Wrat
840 909 1052 1001 insinuavit,
1083 911 1299 1005 notificavit,
1326 912 1524 1013 publicavit
1550 925 1588 990 et
1612 915 1688 1014 legi
1711 917 1911 1017 poourarit,
1962 1003 1965 1014 ⁴

219 1015 356 1096 tenoris
369 1040 435 1118 per
451 1015 567 1092 omnia
585 1013 852 1113 subsequentis.
871 1055 929 1110 -,
947 1011 1158 1091 Clemens
1172 1015 1381 1116 episcopus,
1400 1040 1531 1092 servus
1549 1041 1732 1094 servorum
1751 1017 1823 1114 dei,
1841 1045 1911 1098 ve-
1963 1037 2041 1108 latu,

218 1119 369 1198 reatu
392 1119 495 1195 tratri
519 1117 739 1208 Ernesto,
766 1116 941 1217 episcopo
968 1117 1211 1216 pragensi,
1238 1118 1391 1196 salutem
1416 1130 1455 1196 et
1470 1120 1708 1220 apostolicam
1735 1120 1912 1202 benedic·
1940 1107 1983 1164 ¹⁷·
1996 1113 2069 1180 ³⁴¹⁸·
2179 1109 2185 1125 ‘

182 1299 186 1304 .
220 1224 371 1300 cionem
410 1222 540 1324 Nuper
558 1219 607 1296 ad
627 1219 795 1296 noticiam
820 1232 978 1294 nostram
1005 1219 1123 1295 extitit
1139 1221 1312 1297 relatibus
1329 1219 1404 1298 fide
1430 1221 1550 1322 dignis
1567 1221 1788 1324 perductum,
1816 1225 1911 1326 quod

219 1323 352 1402 dodum
379 1348 428 1400 ex
454 1349 512 1416 eo,
539 1321 635 1424 qnod
661 1321 787 1398 dilecti
812 1321 886 1413 tilii,
915 1323 1031 1416 cives,
1057 1323 1280 1401 habitatores
1299 1335 1337 1400 et
1353 1325 1472 1403 incole
1491 1327 1648 1402 civitatis
1668 1327 1911 1406 Wratisla-

219 1427 391 1506 niensis
417 1453 442 1503 a
466 1435 649 1512 solucione
667 1453 799 1500 census
815 1433 947 1512 annui,
974 1434 1036 1525 pui
1053 1433 1232 1504 denarius
1256 1433 1357 1503 beuti
1374 1429 1500 1504 Petri
1524 1437 1733 1528 vulgariter
1750 1459 1911 1506 meca-

217 1545 334 1632 pntur
357 1530 392 1606 iu
418 1530 491 1605 illis
518 1529 696 1630 partibus,
732 1528 836 1604 nobis
863 1539 901 1604 et
926 1529 1091 1606 ecclesie
1116 1531 1308 1606 Romane
1341 1529 1453 1607 debiti
1485 1543 1725 1608 cessaverant
1749 1557 1816 1635 per
1840 1533 1911 1610 ali·

219 1659 291 1736 qna
315 1645 476 1735 tempora
501 1645 540 1710 et
565 1632 782 1724 cessabant,
816 1629 968 1708 eandem
1000 1633 1199 1710 ecclesiam
1229 1635 1470 1736 possessione
1496 1633 1584 1710 dicti
1615 1659 1753 1712 census
1778 1636 1814 1711 in
1841 1661 1912 1737 qna

220 1748 301 1816 erat
326 1748 364 1814 et
389 1738 436 1812 ab
463 1736 608 1835 antiquo
634 1735 754 1810 luerat
778 1745 942 1834 quantum
969 1746 1048 1810 crat
1073 1737 1108 1810 in
1135 1738 1191 1814 eis
1217 1749 1353 1814 temere
1372 1736 1574 1839 spoliando,
1602 1736 1740 1814 diversi
1757 1765 1912 1840 proces-

219 1866 286 1918 sus
311 1840 402 1917 sacti
424 1839 567 1915 sumunt
592 1837 806 1914 obcuritate
832 1838 1037 1938 apostolica
1061 1837 1219 1916 diversis
1245 1842 1463 1943 temporibus
1490 1853 1615 1918 contra
1640 1867 1718 1935 eos,
1746 1841 1912 1943 quodque

219 1945 483 2044 subsequenter
509 1966 588 2019 cum
612 1940 705 2016 inter
731 1940 954 2018 carissimum
970 1942 1005 2016 in
1025 1941 1172 2020 Christo
1198 1944 1305 2018 lilium
1330 1955 1499 2038 nostrum,
1516 1945 1544 2021 J
1550 1945 1760 2022 ohannem
1787 1970 1911 2046 regern

218 2047 404 2124 Boemie
429 2045 493 2136 ill.,
520 2045 580 2124 cni
604 2042 735 2120 edem
762 2045 893 2120 civitas
920 2057 957 2122 et
981 2057 1077 2122 terre
1103 2048 1222 2122 vicine
1245 2047 1367 2147 alique
1391 2059 1474 2122 sunt
1491 2049 1660 2148 subjecte
1677 2074 1723 2125 ac
1741 2046 1912 2126 dilectum

219 2149 345 2242 filiuni,
379 2149 584 2247 magistnrnr
613 2144 886 2224 Galbardnm
918 2146 967 2222 de
995 2145 1288 2242 carceribus,
1321 2151 1540 2252 prepositum
1573 2153 1737 2228 ecclesie
1763 2152 1911 2254 uytu-

219 2253 384 2343 lensis,
419 2250 694 2330 Colocensis
728 2249 908 2341 decusis,
941 2251 1164 2351 inpartibus
1197 2275 1385 2351 regnorum
1417 2254 1616 2352 ngarie
1651 2268 1689 2332 et
1721 2255 1910 2334 Polouie

220 2355 424 2458 apostolice
457 2353 560 2432 sedis
593 2353 796 2444 nunccine,
828 2376 939 2452 super
970 2354 1158 2432 solucione
1183 2354 1271 2431 dicti
1304 2379 1440 2432 census
1465 2381 1531 2457 per
1553 2354 1719 2434 subditos
1745 2358 1911 2458 ejusdem

219 2460 320 2560 regis
346 2460 529 2535 Boemie
553 2453 753 2558 prestanda
778 2455 942 2532 ecclesie
967 2456 1155 2534 Romane
1189 2455 1354 2558 predicte
1379 2459 1507 2534 suturis
1533 2472 1668 2538 extunc
1693 2445 1910 2564 temptiribus

244 2561 374 2654 uedam
400 2561 618 2662 composicio
646 2585 713 2636 seu
740 2557 936 2636 concordia
953 2571 1057 2635 esset
1079 2560 1191 2652 lacta,
1216 2559 1392 2638 videlicet
1409 2560 1505 2662 quod
1528 2562 1662 2640 subditi
1686 2567 1787 2664 regis
1806 2570 1910 2666 ejus·
1941 2617 1945 2622 -
2005 2597 2016 2620 ·

219 2587 303 2744 dem
327 2665 362 2740 iu
388 2658 549 2766 partibus
575 2662 737 2741 Slenie
763 2663 1008 2739 consistentes
1034 2663 1137 2738 anuis
1164 2663 1316 2763 singolis
1341 2666 1377 2740 in
1402 2663 1684 2766 quadragesima
1704 2697 1776 2768 pro
1793 2675 1909 2769 queti-

219 2773 283 2844 bet
305 2773 463 2844 bmnono
489 2760 613 2866 cupite
638 2777 749 2842 unum
774 2772 971 2842 denarium
996 2773 1180 2840 currentis
1204 2781 1242 2841 et
1263 2775 1406 2842 mantis
1422 2784 1563 2844 monete
1581 2778 1683 2846 illiue
1698 2781 1823 2869 patrie
1838 2799 1910 2870 pro

219 2877 319 2948 dicto
343 2899 456 2946 censu
480 2877 639 2946 ecclesie
662 2869 855 2945 Romane
875 2874 1049 2966 predicte
1076 2873 1214 2966 ubsque
1238 2875 1513 2946 eonuadtctnne
1537 2901 1751 2970 quocunque
1769 2883 1910 2952 solum

200 2979 412 3072 petpctuis
429 2976 655 3071 temporibus
672 2977 755 3047 dolo
773 2985 811 3045 et
819 2975 969 3066 froude
987 2975 1216 3046 cessantibus
1242 2983 1453 3046 tenerentur
1478 2996 1523 3047 se
1540 2971 1589 3046 ad
1606 2975 1677 3050 ltuc
1704 2975 1923 3053 solemniter

220 3087 259 3154 et
284 3075 486 3154 efficaciter
518 3072 729 3174 obligando,
759 3072 891 3174 prefati
924 3072 1047 3165 cives,
1081 3071 1303 3149 habitatores
1335 3083 1373 3150 et
1403 3073 1532 3151 incole·
1556 3075 1735 3174 premissa
1761 3089 1798 3153 et
1824 3078 1909 3167 alia,

221 3203 291 3280 qne
320 3179 591 3256 continebantur
615 3177 650 3250 in
678 3175 944 3275 composicione
970 3199 1038 3252 seu
1065 3173 1260 3252 concordia
1284 3174 1467 3276 predicta,
1501 3176 1666 3254 nolentes
1699 3177 1908 3281 adimplere,

222 3293 462 3360 cessaverunt
486 3307 511 3357 a
537 3279 724 3356 solucione
750 3301 886 3354 census
910 3275 1114 3378 hujusmodi
1139 3279 1235 3356 sicut
1259 3279 1358 3380 prius
1372 3280 1425 3372 ¹),
1454 3291 1600 3380 propter
1625 3277 1720 3380 quod
1745 3281 1909 3382 prefatos

219 3385 389 3478 nuncius,
424 3382 617 3462 eorundem
643 3381 789 3474 civium,
821 3381 1056 3458 habitatorum
1084 3393 1122 3458 et
1145 3383 1340 3458 incolarum
1372 3383 1587 3476 rebellione,
1621 3386 1847 3462 contumacia
1872 3398 1910 3464 et

217 3487 472 3566 inobedienciu
497 3485 743 3585 exigentibus,
772 3485 951 3560 civitatem
979 3483 1132 3562 eandem
1154 3493 1410 3560 ecclesiastico
1436 3493 1629 3586 supposuit
1650 3495 1846 3564 interdicto
1872 3501 1910 3566 et

219 3589 401 3668 edversus
434 3589 639 3689 singulares
671 3611 850 3688 personas
885 3612 1005 3664 eorum
1035 3595 1432 3664 excommunicacionis
1462 3589 1672 3666 sentencias
1703 3591 1909 3692 promulga-
2009 3671 2013 3681 Α

217 3695 323 3784 vit2).
375 3691 478 3769 Sane
508 3689 644 3792 pridem
677 3689 726 3766 od
758 3704 915 3768 nostram
945 3691 1098 3768 veniens
1127 3691 1354 3791 presenciam
1387 3689 1545 3768 ddectns
1575 3693 1670 3768 filiu's
1697 3693 1834 3770 unito
1860 3691 1909 3771 de
2037 3757 2041 3766 .

218 3796 423 3896 Leguicn
449 3795 542 3870 civis
568 3794 718 3885 Wrat,
745 3794 991 3871 universitatis
1017 3793 1157 3887 civium,
1183 3794 1416 3870 habitatorum
1444 3805 1481 3870 et
1505 3794 1700 3871 incolarum
1724 3795 1908 3896 predicto-

219 3925 294 3976 rum
319 3907 529 4000 proourator
553 3908 592 3973 et
618 3895 805 3999 syndicus,
831 3898 935 3972 nobis
961 3897 1138 3972 humiliter
1161 3897 1388 3997 supplicavit,
1415 3906 1453 3970 ut
1477 3922 1587 3998 super
1597 3899 1740 3997 juribus
1766 3897 1816 3974 sd
1841 3920 1908 3974 uos

220 4013 259 4080 et
273 4003 390 4104 ipsam
409 4000 606 4078 ecclesiam
624 4000 771 4076 racione
789 3997 877 4076 dicti
894 4025 1029 4078 census
1046 4000 1081 4074 in
1107 3996 1275 4100 predicta
1299 3999 1447 4075 civitate
1473 4001 1722 4099 spectantibus
1747 4025 1811 4101 per
1836 4000 1908 4076 ali·

219 4129 311 4206 quos
335 4105 470 4207 probus
495 4105 594 4178 viros
620 4099 850 4203 deputandos
876 4127 986 4203 super
1011 4102 1082 4180 boc
1098 4101 1387 4177 informacionem
1413 4102 1525 4200 recipi
1543 4125 1590 4178 ac
1607 4101 1785 4194 ordinare,
1812 4101 1908 4202 quod

221 4222 327 4284 certa
343 4237 488 4284 summa
502 4213 662 4305 pecunie
679 4229 746 4306 per
769 4205 933 4306 prefatos
959 4205 1074 4296 cives,
1101 4203 1324 4282 habitatores
1350 4213 1389 4280 et
1412 4203 1553 4279 incolas
1571 4229 1638 4305 pro
1657 4203 1755 4281 dicto
1781 4229 1907 4297 cerrso,
2006 4261 2009 4270 ,

264 4483 297 4564 1)
328 4475 503 4560 Unstreitig
523 4477 582 4541 seit
604 4477 677 4542 dem
697 4477 724 4542 J.
741 4475 833 4557 1327,
848 4473 894 4542 als
908 4475 964 4542 das
978 4475 1201 4542 Fiirstenthum
1216 4473 1345 4541 Breslau
1359 4473 1564 4542 Bb'hmisches
1578 4473 1667 4540 Lehn
1681 4471 1801 4552 wnrde,
1822 4472 1908 4538 denn

326 4561 435 4625 weiter
456 4571 555 4626 unten
577 4561 703 4628 werden
727 4562 767 4627 17
789 4559 884 4626 Jahre
906 4557 951 4626 uls
972 4561 1133 4630 Zeitrsum
1155 4561 1256 4626 dieses
1277 4559 1405 4626 Zwistes
1427 4560 1622 4654 angegeben.

262 4683 296 4764 ⁹)
324 4675 676 4832 ibiibi-“iiiiii
695 4677 1140 4830 'ulidu‘tlltltbl‘
1161 4677 1477 4827 {titudtbiln
1491 4679 1705 4851 iiiiii?
1718 4675 1907 4858 liutein

324 4845 728 4998 ffiffiin.dip¹⁰mffiaeh⁸
750 4850 918 4942 Beibdgen
941 4849 990 4914 Vl.
1012 4871 1044 4939 p.
1067 4847 1139 4926 luu,
1166 4867 1222 4912 aus
1244 4846 1401 4913 Muratori
1422 4847 1521 4932 antiq.
1543 4846 1615 4912 diss.
1632 4846 1679 4950 ‘72
1700 4845 1767 4910 und
1788 4842 1908 4908 llelunn
