4660 5762
644 545 855 619 Urlrrndea
910 539 1159 616 OEXXXIX.
1188 539 1329 614 OEXL.
1359 537 1523 614 OEXLI.
1844 538 1922 620 1117

341 747 451 843 lton,
482 747 604 826 litters
627 745 712 824 tolia
737 747 851 822 nn‘ssa
876 755 936 821 ast
958 764 1024 846 per
1047 743 1284 821 Jaomirnm
1318 769 1498 824 cursorem
1532 741 1624 822 dom.
1657 747 1781 826 orcbie
1804 748 2091 852 'wopitmxrx

237 851 623 1034 'ffffiffldm
649 863 688 928 at
719 847 813 927 dom.
846 848 1103 925 lnanrencio
1130 846 1179 924 ad
1205 849 1349 942 muriam,
1377 847 1425 926 dc
1451 848 1689 942 Cracnnia,
1715 851 1756 930 X
1814 855 1921 930 .lra-
1954 848 2072 976 ffilpk

237 959 298 1037 len
325 979 540 1152 ‘Novd'ritid
572 1081 640 1133 nos
664 1055 884 1133 venerabilis
909 1053 1022 1174 patris
1042 1051 1140 1176 dom.
1167 1053 1194 1130 J
1200 1054 1333 1130 scobi
1358 1055 1518 1178 archiep.
1545 1057 1658 1132 nosbi
1683 1057 1922 1137 (lucanen-

239 1166 306 1245 sis
331 1164 521 1342 recepisse
532 1161 686 1285 'liberas
713 1161 779 1234 snb
805 1182 898 1234 anno
924 1155 1054 1231 domim
1072 1155 1347 1282 blCClrxbx
1373 1172 1541 1260 septumo,
1567 1163 1785 1286 venerpbilis
1810 1163 1923 1266 patris

238 1259 1087 1472 fflssmgsffffieffissfflm
1112 1259 1320 1356 mnlrnsln,
1347 1275 1465 1365 apost
1484 1261 1706 1365 sadlcgab,
1731 1267 1922 1397 htterarum

340 1521 619 1604 Venerabilibus
652 1519 688 1596 in
722 1515 870 1598 Christo
903 1518 1070 1594 fratribus
1102 1517 1282 1618 P(aalo)
1316 1515 1616 1599 Croconiensi
1652 1533 1688 1598 et
1720 1521 1924 1624 Th(ome)
1967 1539 2067 1596 ccxc

239 1626 380 1706 Wrat.
409 1625 612 1730 episcopis,
648 1623 850 1700 Jacobus
877 1621 998 1698 divina
1022 1622 1260 1699 miseracione
1287 1623 1445 1726 archiep.
1479 1649 1510 1700 s.
1538 1623 1826 1704 Grreznensis
1858 1651 1924 1706 ec·
1956 1624 2060 1750 0¹²J⁸⁷t

240 1733 356 1814 clesie
383 1731 535 1808 salntem
562 1739 599 1806 et
624 1727 815 1804 fraternam
842 1726 877 1801 in
904 1723 1043 1801 domino
1069 1725 1267 1804 caritatem.
1319 1725 1474 1804 Noverit
1499 1740 1622 1806 vestre
1648 1727 1804 1808 dileccio
1829 1729 1925 1806 cari·
1975 1731 1983 1748 ‘
2017 1714 2070 1752 ''¹'‘

239 1839 337 1932 tatis,
364 1861 430 1912 nus
455 1831 674 1910 venerabilis
699 1831 734 1906 in
753 1827 902 1910 Christo
926 1829 1039 1930 patris
1065 1828 1158 1906 dom.
1176 1829 1412 1924 lobannis,
1440 1829 1697 1910 Tusculani
1723 1859 1781 1936 ep.
1808 1845 1925 1938 apost

240 1939 321 2020 sed.
348 1938 462 2042 legati
486 1935 675 2040 recepisse
700 1935 769 2010 vl.
796 1933 879 2010 idus
904 1933 999 2010 Junii
1025 1933 1165 2011 litteras
1190 1941 1224 2009 in
1250 1933 1321 2010 hec
1346 1935 1478 2010 verba:

341 2093 591 2182 Jolnanncs,
627 2089 866 2166 miseracione
890 2085 1011 2164 divina
1036 2087 1333 2163 Tusculanus
1364 2111 1423 2190 ep.
1450 2103 1568 2190 apost.
1595 2088 1675 2167 sed.
1709 2091 1784 2192 leg.
1808 2115 1924 2170 venc-
1962 2091 2075 2148 ‘ffl-

240 2197 412 2276 rabilibus
441 2197 477 2271 in
503 2193 652 2274 Christo
682 2193 907 2299 patribus..
938 2190 1214 2313 archiepiscopo
1240 2191 1482 2269 Gneaneosi
1514 2205 1552 2270 et
1577 2249 1616 2268 ..
1645 2195 1846 2298 episcopis,
1881 2248 1922 2272 ..
1963 2175 2068 2302 fflb.

241 2299 572 2392 Gracouiensi,
590 2298 744 2389 Wrat,
769 2295 1004 2384 Placensi,
1022 2291 1433 2390 Wladralauiensi,
1452 2297 1760 2376 Poananiensi
1780 2311 1817 2377 et
1834 2303 1923 2376 Ln-

243 2405 434 2486 buccnsi
461 2408 543 2503 ejus
576 2400 834 2580 sadrapancis,
868 2397 1020 2474 salutem
1045 2407 1080 2472 tn
1106 2397 1257 2476 dondno.
1319 2399 1411 2478 (lum
1435 2425 1504 2477 nos
1527 2403 1633 2478 vobis
1664 2414 1702 2479 et
1732 2404 1832 2480 clero
1856 2427 1924 2484 ve·

242 2521 393 2586 stramm
411 2507 591 2585 civitatum
618 2517 655 2580 et
705 2503 890 2606 yocesium
917 2501 1012 2577 mille
1038 2511 1076 2578 et
1101 2513 1242 2579 centnm
1267 2527 1411 2580 marcas
1436 2505 1575 2605 argenti
1600 2531 1665 2607 pro
1683 2509 1815 2584 nostris
1840 2531 1925 2612 pro·

243 2611 492 2690 concionibus
517 2607 698 2710 presentis
724 2607 807 2682 anni
832 2603 1038 2682 duxerimus
1069 2603 1302 2706 imponendas
1336 2631 1383 2684 ac
1407 2610 1513 2683 vobis
1538 2611 1670 2686 nostris
1701 2611 1830 2688 litteris
1855 2611 1925 2690 de·

243 2713 400 2794 donimus
425 2714 461 2788 in
487 2709 677 2803 mandatis,
703 2723 742 2786 ιι1
765 2707 953 2812 predictas
977 2732 1120 2784 marcas
1145 2707 1320 2786 lacercb’s
1345 2711 1553 2810 qrribusdam
1578 2717 1833 2792 mercatoribus
1858 2739 1926 2792 nc·
2014 2719 2020 2738 ⁸

242 2832 318 2896 stru
343 2818 482 2894 nominc
508 2815 618 2892 certis
643 2815 727 2891 loco
753 2825 790 2891 at
815 2813 961 2890 termino
988 2812 1169 2912 assignari
1193 2837 1333 2913 vosque
1357 2813 1393 2890 in
1419 2815 1605 2894 solucione
1632 2817 1804 2896 dictanrm
1830 2842 1924 2896 mar·

243 2947 364 3002 comm
389 2921 482 3014 sitis,
508 2929 612 3021 prout
637 2917 815 3006 asseritis,
842 2917 1045 3018 aggravati,
1071 2939 1138 2992 nos
1162 2917 1297 2992 vestris
1323 2919 1585 3016 gravamibns
1610 2921 1670 3021 plo
1696 2923 1925 3025 compacien-

243 3039 303 3104 tes
328 3027 460 3102 adactu
487 3037 525 3100 et
547 3047 617 3098 vos
643 3024 689 3098 ab
716 3023 772 3098 cis
796 3019 1036 3096 intendentes·
1050 3027 1214 3118 quantum
1239 3017 1349 3119 digne
1373 3045 1564 3123 possumus
1591 3023 1756 3101 relevare
1790 3055 1838 3100 oc
1863 3055 1924 3102 er-

245 3157 367 3206 rorem
392 3133 556 3204 babilam
582 3133 620 3200 in
644 3132 863 3225 episcopata
889 3129 1070 3208 Placensr',
1097 3127 1239 3198 duobos
1255 3129 1460 3199 nominibus
1481 3141 1701 3224 nuncapatc,
1735 3135 1924 3228 corrigere

245 3241 415 3318 mleatee,
442 3243 586 3306 centum
613 3237 751 3304 marcis
775 3233 939 3326 demptis
963 3233 1012 3302 de
1037 3253 1182 3301 somma
1203 3233 1393 3325 predicta,
1424 3235 1666 3327 quantitatem
1696 3237 1798 3306 mille
1823 3260 1925 3306 mar·-

246 3363 375 3412 caram
407 3340 638 3434 pommodam
671 3339 724 3408 ad
757 3359 938 3406 maumam
969 3337 1286 3429 septingentarum
1319 3359 1533 3408 marcarum
1565 3341 1619 3410 ad
1646 3341 1795 3433 pondus
1821 3339 1924 3412 Colo-

245 3447 372 3516 niense
399 3445 612 3514 reducimus
638 3448 676 3512 et
700 3434 750 3511 ad
775 3432 985 3511 solvendum
1011 3445 1141 3508 tantum
1168 3430 1318 3510 casdem
1348 3435 1598 3538 septingentas
1621 3460 1762 3514 marcas
1787 3439 1926 3516 nominc

160 3616 162 3625 .
248 3541 421 3620 dictarum
454 3540 745 3642 procuraciunum
775 3538 937 3613 volumus
967 3561 1037 3612 vos
1062 3538 1193 3630 teneri,
1224 3536 1407 3614 mandas
1439 3551 1477 3616 et
1509 3539 1790 3636 distribuendas,
1821 3553 1925 3644 prout

247 3643 467 3724 ubscrecioni
492 3653 530 3720 et
554 3641 728 3720 industrie
744 3651 867 3718 vestre
892 3639 1070 3718 videbitur
1095 3638 1283 3743 expedire,
1309 3642 1361 3718 ita
1386 3641 1481 3743 quod
1507 3642 1556 3719 ad
1580 3671 1682 3720 unam
1706 3646 1841 3722 illorum
1866 3645 1924 3723 lo·
2027 3681 2034 3698 ι

247 3775 367 3832 corum
400 3773 502 3848 quem
534 3745 711 3824 duxeritis
744 3743 1025 3847 acceptandum,
1058 3743 1232 3824 videlicet
1263 3745 1505 3839 veneciis,
1538 3748 1599 3824 vel
1630 3750 1824 3827 Wienne
1857 3773 1923 3827 sen

246 3854 412 3954 Brngis
439 3850 615 3952 dyocesis
640 3849 953 3926 'l'ornacensis
977 3848 1039 3925 vel
1072 3847 1121 3923 ad
1147 3873 1324 3926 cameram
1349 3861 1503 3924 nostram
1537 3875 1604 3926 eas
1628 3851 1721 3927 infra
1744 3852 1924 3930 kalendas
1958 3886 1982 3941 ι,
1998 3891 2059 3942 „a

245 3958 334 4036 Julii
359 3956 519 4058 proxime
536 3955 674 4030 venturi
699 3964 822 4028 vestro
850 3952 1006 4053 periculo
1033 3950 1167 4028 deferri
1193 3963 1230 4028 et
1254 3950 1384 4028 ibidem
1410 3953 1541 4028 nostris
1567 3955 1821 4032 mercatoribus
1843 3960 1924 4034 sive

91 4153 98 4165 ¹
247 4061 386 4138 nunciis
412 4057 604 4162 pronubis
630 4056 811 4155 assignari
835 4055 1058 4154 integraliter
1081 4055 1246 4148 faciatis,
1281 4055 1434 4154 alioquin
1459 4081 1527 4131 vos
1553 4081 1603 4133 ex
1627 4067 1711 4135 tunc
1743 4059 1924 4137 incurrere

247 4165 411 4240 volumus
442 4187 559 4266 perias
592 4171 630 4237 et
662 4159 870 4236 sentencias
901 4157 1151 4258 suspensionis
1186 4168 1224 4234 et
1256 4159 1638 4236 excommunicacionis
1671 4171 1858 4238 contentas
1887 4163 1924 4238 in
1988 4177 1989 4183 ’

249 4266 378 4346 litteris
404 4265 640 4368 supradictis,
674 4287 765 4363 quas
799 4263 835 4337 in
861 4261 930 4336 hiis
957 4261 1102 4361 scriptis
1132 4283 1182 4337 ex
1206 4285 1300 4337 nnnc
1324 4273 1427 4362 prout
1452 4285 1502 4337 ex
1526 4272 1610 4340 tnnc
1635 4265 1670 4338 in
1695 4289 1762 4340 vos
1795 4277 1833 4342 et
1854 4289 1923 4344 ve·

250 4382 361 4449 stmm
387 4370 580 4470 quemlibet
602 4368 749 4444 serimus
773 4379 812 4442 et
827 4366 1046 4456 innovamus,
1072 4361 1298 4439 simandatis
1315 4351 1447 4440 nostris
1464 4368 1747 4468 contempseritis
1765 4365 1922 4448 obedire.

251 4477 391 4553 Iocum
416 4485 552 4565 antem,
585 4495 688 4571 quem
720 4493 770 4547 ex
802 4465 976 4572 predictis
1008 4491 1076 4542 vos
1107 4479 1303 4569 acceptare
1335 4469 1523 4568 contigerit
1555 4479 1593 4546 et
1625 4469 1791 4572 quidquid
1817 4499 1859 4548 sn

250 4578 439 4684 premissis
464 4575 640 4651 duxeritis
666 4573 746 4650 sive
773 4571 1009 4649 decreveritis
1035 4568 1254 4663 laciendum,
1288 4571 1390 4647 nobis
1422 4597 1488 4673 per
1511 4585 1655 4649 vestras
1685 4573 1824 4652 litteras
1854 4493 1926 4654 dut

251 4704 327 4760 rma
352 4681 483 4758 seriem
509 4679 732 4755 continentes
766 4677 846 4752 sine
878 4673 1057 4751 dilacione
1089 4673 1245 4774 qnalibet
1274 4674 1434 4752 intimare
1460 4677 1604 4753 curctisa
1664 4677 1825 4769 Quodsi
1855 4679 1924 4756 bu-

250 4783 410 4890 jusnrodi
442 4779 682 4859 moderacioni
715 4791 839 4857 nosue
868 4803 999 4882 parere
1030 4779 1334 4880 contempseritis,
1367 4767 1540 4880 prioribirs
1572 4783 1702 4858 nostris
1735 4783 1861 4862 litteris
1886 4797 1924 4863 ct

253 4887 454 4969 sentenciis
476 4907 543 4988 per
566 4895 757 4986 presentes
781 4883 817 4959 in
843 4883 960 4982 aliquo
985 4883 1145 4958 nolumus
1172 4879 1350 4983 derogari,
1376 4904 1467 4983 qnos
1491 4883 1527 4959 in
1550 4884 1702 4985 registro
1719 4899 1840 4965 nosue
1857 4911 1923 4968 ca·

255 5015 354 5072 mere
379 4989 429 5068 ad
454 4987 631 5066 cantelam
655 4987 807 5066 faa-ns
832 4986 1017 5086 registrari
1048 4984 1160 5064 etde
1183 4987 1339 5090 ipsuum
1362 4988 1637 5089 prescntocione
1667 4993 1837 5070 stabimus
1861 5017 1923 5070 re-
