4634 5762
766 514 976 588 um„
1034 511 1215 589 cmx.
1246 512 1402 589 cxxx
1856 459 1975 600 tat⁸

240 727 438 898 Ἥ
455 715 594 896 inbipna
608 711 752 898 syuotssr
767 715 944 818 publicari
959 715 1113 796 sscinnus
1130 727 1169 794 et
1185 717 1232 840 ab
1249 715 1410 794 omnibns
1434 713 1589 796 subditis
1604 719 1739 798 mats
1756 719 1931 821 putens

203 833 730 1002 sm.
749 825 1933 1026 cuens
2038 873 2046 896 ’

239 1025 971 1212 fflfflofflffiffi
988 1030 1144 1233 qma
1160 1027 1260 1158 apud
1276 1028 1587 1123 Lanchncraur,
1614 1028 1760 1108 xvttl.
1772 1030 1930 1205 ¹ltalcntl.

345 1543 448 1638 ltenr,
474 1569 524 1622 ex
541 1556 646 1646 parte
663 1542 793 1647 synodi
811 1544 885 1622 alia
900 1545 1022 1622 littera
1038 1545 1222 1644 generalis
1240 1547 1307 1622 sub
1325 1546 1397 1626 boc
1413 1546 1539 1624 lorus.

344 1647 386 1726 ln
404 1648 542 1726 nombre
559 1647 690 1726 donini
706 1673 821 1726 amco.
856 1649 1035 1726 Noveriot
1051 1649 1220 1742 universi,
1241 1663 1433 1751 presentes
1448 1651 1590 1731 litteras
1606 1650 1814 1752 inspectori,
1832 1647 1928 1752 qnod
1974 1655 2081 1708 Μ

240 1776 320 1830 cun
344 1775 431 1844 nos,
458 1753 677 1845 Jacobns,
712 1751 749 1828 d
774 1777 829 1852 gr.
856 1779 896 1834 ιι.
917 1752 1209 1831 (lucanensis
1239 1754 1402 1834 ecclesie
1425 1755 1551 1834 arcbie
1577 1810 1587 1830 .
1612 1721 2099 1854 mdraganeos·d¹⁵'³⁸⁰''‘'

240 1855 485 1978 coepiscopos
502 1869 647 1978 nostros
664 1853 714 1932 od
730 1867 890 1980 noscant
904 1856 1158 1980 prouincialenn
1176 1856 1350 1980 sycodonr
1367 1859 1403 1982 io
1430 1783 1721 1982 haecdiciant
1745 1882 1927 1982 rpcasse·

240 1960 1928 2169 wilibaldiffli'dl'il'ipfiiiiilliiffiiiilii'nimii?

144 2239 148 2246 .
239 2164 336 2244 nodo
353 2167 563 2244 sentencias
590 2167 686 2244 tales
708 2168 745 2244 le
772 2169 795 2242 ⁹.
847 2167 888 2244 lo
913 2167 1052 2246 nomine
1069 2165 1162 2246 donn.
1184 2193 1300 2246 amen.
1354 2167 1445 2250 Cum
1462 2176 1574 2272 juxta
1596 2193 1727 2248 escrae
1752 2171 1928 2248 constitu-

239 2271 380 2360 cioncs,
405 2283 582 2372 utsupra.
608 2271 676 2370 (N.
694 2191 800 2370 old)

342 2373 426 2450 Nos
442 2375 551 2474 igitur
568 2400 638 2452 one
655 2399 734 2453 curn
751 2366 903 2478 prefatis
926 2373 1094 2450 frutribus
1112 2375 1245 2452 nostris
1269 2385 1307 2453 ct
1330 2399 1410 2454 cunt
1434 2377 1518 2454 oliis
1534 2375 1685 2479 prelatis
1702 2385 1825 2456 nostre
1842 2399 1929 2478 pro·

237 2478 358 2556 vincio
380 2477 416 2554 in
442 2477 571 2556 eedem
594 2477 736 2582 synodo
762 2478 1012 2578 congregatis,
1047 2478 1211 2558 scientes
1235 2477 1332 2580 quod
1356 2478 1487 2558 sedern
1508 2481 1696 2560 sentencie
1727 2480 1928 2581 exjustis,

238 2581 424 2682 legittimis
442 2595 480 2660 et
497 2583 644 2660 notodis
661 2583 787 2660 causis
803 2581 1069 2660 racionabiliter
1093 2595 1195 2660 orout
1217 2581 1311 2676 late,
1338 2583 1490 2662 ιιιειίιιιιι
1506 2585 1716 2662 semesas
1740 2593 1845 2662 rotbs¹
1858 2584 1928 2662 bn-

240 2687 388 2776 beotes,
414 2709 480 2786 per
496 2687 739 2766 vomrtboen
756 2687 901 2762 lratrcrn
917 2697 1074 2762 nostrum
1091 2683 1185 2764 tlon.
1205 2686 1465 2788 W(isl'aonr)
1484 2713 1541 2791 ep.
1561 2685 1928 2766 Wladitlanien-

1751 2791 1764 2815 q,

240 2813 332 2868 neni
356 2791 496 2866 nouine
513 2801 635 2868 nostro
654 2802 693 2868 ct
708 2791 852 2868 fratrom
870 2800 1067 2868 nostrornm
1083 2788 1323 2890 predictorum
1345 2792 1381 2866 in
1399 2792 1481 2894 ipsa
1498 2789 1640 2895 synodo
1653 2790 1929 2972 ‘medendum

239 2892 392 2972 lecimus
408 2893 594 2995 publicari.
645 2894 699 2974 llt
722 2895 886 2996 qnoniam
902 2904 973 2972 tant
990 2893 1100 2994 oliqoi
1116 2894 1307 2972 secrdaros
1325 2895 1449 2974 clerici
1473 2921 1577 2998 quan
1594 2896 1653 2998 qui
1753 2895 1928 2996 religiosi,

240 3009 279 3072 nt
294 2997 411 3074 abbas
429 3023 461 3072 s.
479 2998 728 3076 Vincencii
752 3023 831 3076 cuna
848 3021 916 3074 sno
934 3008 1129 3092 conuento,
1155 2998 1261 3076 Prior
1283 3025 1315 3076 s.
1342 2999 1514 3078 Matbie
1541 3027 1620 3078 curn
1644 3025 1711 3078 suo
1736 3009 1927 3092 convento,

237 3099 581 3180 lratresblinores
594 3103 629 3178 in
644 3101 1311 3182 snoconveutuWrntislaniensis
1324 3102 1494 3196 cinitotis,
1508 3101 1860 3204 necnondeNyna,
1878 3099 1928 3180 de
1962 3121 1966 3138 ⁴

239 3205 348 3280 Alto
370 3206 485 3307 ripa,
512 3203 561 3282 de
578 3203 818 3284 Swidnicn
834 3205 967 3282 fratres
985 3206 1147 3284 Minores
1169 3205 1349 3308 dyocesis
1365 3207 1505 3284 Wrat
1529 3207 1566 3282 in
1584 3207 1663 3283 suis
1680 3207 1927 3296 conuentibus,

241 3307 397 3388 timoren
414 3306 476 3386 dei
493 3333 559 3410 pro
576 3310 692 3387 oculis
710 3333 779 3386 non
796 3309 976 3389 habentes
992 3309 1028 3384 io
1046 3323 1283 3412 contemptun
1298 3311 1454 3390 clariori
1469 3310 1634 3390 ecclesio
1656 3319 1695 3388 et
1711 3309 1927 3394 emacie-

240 3435 321 3490 nen
338 3411 596 3490 ecclesiastice
621 3412 813 3516 discipline
837 3414 952 3516 ipson
976 3410 1105 3492 doceor
1129 3415 1470 3494 excommunicem
1494 3425 1566 3492 taur
1588 3414 1623 3492 in
1642 3411 1772 3490 divinis
1796 3411 1953 3493 officiis·

240 3541 344 3616 quau
363 3516 457 3608 cibo,
474 3527 558 3618 poto
578 3532 615 3594 et
625 3518 727 3609 aliis,
753 3519 788 3594 in
806 3517 932 3618 quibus
947 3519 1248 3596 excommunioni
1259 3523 1345 3618 jore
1362 3516 1499 3596 vitandi
1513 3530 1609 3610 sunt,
1629 3518 1744 3595 vitare
1758 3541 1829 3596 oon
1846 3527 1929 3598 sunt

185 3693 190 3706 .
241 3619 346 3704 reniti
364 3643 481 3720 neque
498 3621 611 3696 ritant
630 3633 668 3698 et
683 3622 718 3698 in
736 3623 829 3700 locis
846 3618 1036 3700 interdicto
1054 3622 1252 3723 subpositis
1268 3646 1335 3724 per
1351 3620 1503 3704 eunden
1527 3621 1863 3714 iratrem'nostturn,
1889 3631 1928 3696 ut

239 3723 275 3804 iu
292 3723 481 3802 sentencia
498 3737 557 3802 est
573 3726 796 3828 premissum,
819 3738 1025 3828 presumunt
1041 3721 1163 3804 divino
1179 3725 1302 3804 officio
1319 3725 1519 3820 celebrere,
1543 3751 1611 3804 nos
1630 3723 1928 3828 religiosos'pre-

239 3824 413 3914 dictorum
438 3839 672 3952 conpontnurn
698 3827 1143 3954 et·bojns·nnodi·clericos
1167 3829 1360 3952 seculares
1377 3831 1583 3952 'quicunque
1604 3827 1816 3955 alocalesc·

238 3945 323 4112 ,ι
342 3932 774 4160 ιρι
789 3931 1840 4139 testim
1855 4057 1927 4112 ι.

240 4139 507 4320 ιιοιιιιιῶἱωοιιιιε
525 4151 562 4218 et
579 4140 845 4220 celebrantibus
862 4141 897 4216 in
914 4139 1009 4216 locis
1025 4137 1216 4218 interdicto
1232 4141 1430 4241 subpositis
1445 4141 1599 4240 loquitur
1613 4137 1802 4229 incidisse,
1820 4140 1928 4237 cujus

240 4253 344 4320 tenor
410 4243 419 4262 ‘
461 4255 535 4320 est:

345 4347 537 4440 „Prescnti
560 4348 821 4426 constitucione
845 4345 1082 4450 precipimus,
1109 4343 1205 4446 quod
1231 4363 1355 4424 ornnes
1379 4357 1418 4424 ot
1442 4344 1574 4445 singuli
1598 4341 1728 4446 prelati
1747 4355 1786 4422 et
1802 4343 1929 4430 clerici

241 4451 399 4527 universi
415 4461 486 4528 taur
504 4453 661 4554 exempti
679 4477 782 4553 quant
798 4475 869 4528 non
886 4450 1055 4552 exempti,
1074 4455 1321 4550 cojuscunque
1339 4447 1537 4550 dignitatis,
1556 4445 1691 4525 ordinis
1704 4447 1764 4524 vel
1778 4447 1927 4548 religio-

239 4553 297 4629 nis
310 4553 482 4648 existant,
501 4555 897 4646 excommunicacionis,
914 4553 1164 4656 suspensionis
1180 4565 1217 4631 et
1229 4551 1408 4678 interdicti
1422 4553 1632 4632 sentencias
1646 4552 1681 4626 in
1695 4575 1927 4652 quoscunque

239 4683 809 4842 ιιι
834 4656 1529 4760 ²⁰¹⁰
1546 4655 1927 4865 ,rt

241 4865 414 4944 sicionenn
431 4861 605 4944 dictorum
627 4867 842 4970 prelatorum
860 4877 898 4944 et
914 4863 1076 4968 judicum
1095 4863 1327 4955 denuncient,
1354 4890 1398 4942 se
1416 4890 1574 4966 suosque
1600 4861 1767 4964 subditos
1783 4865 1927 4972 subtra-

241 4967 361 5048 bendo
379 4995 404 5048 a
421 4971 662 5048 comunione
679 4971 801 5048 tuliurn
817 4971 1198 5050 excommunicatorum
1215 4971 1251 5046 in
1269 4969 1512 5064 salutacione,
1540 4969 1621 5048 cibo
1640 4979 1679 5049 ot
1694 4978 1782 5071 potu
1803 4991 1851 5044 nc
1868 4963 1926 5044 di-
