4634 5762
810 537 1033 614 Urbanam·
1085 541 1273 612 LXXXV
1273 542 1317 612 Ia
1855 543 1906 620 cd

211 741 267 833 lq's
296 738 528 842 petiverimus
551 737 730 826 eiliteri.
750 747 768 781 ·'
788 739 922 816 utun
945 741 1221 836 (ltmuchow,
1247 739 1396 820 kalend.
1422 743 1560 820 marisia
1579 745 1695 840 Junii,
1720 768 1815 825 anuo
1838 745 1907 825 do·
1957 777 1968 816 .·
2008 779 2018 801 Ι

210 840 731 960 ninilllCGffllelqu'nrtor
835 853 839 864 '
1294 955 1298 960 Ι
1543 904 1616 920 ,,,
1662 887 1700 910 ,.
1827 857 1898 892 .···
2024 890 2028 899 .

1754 945 2048 983 .,.ir=·

1717 986 1953 1024 ¹·ilr'

315 1185 548 1288 Tb(omas)
583 1182 618 1262 d.
646 1213 699 1288 gr.
732 1185 988 1272 etc'.'·,dominis
1014 1187 1186 1288 magistro
1209 1186 1401 1266 Jolranni
1425 1189 1614 1266 Milonis
1646 1202 1684 1268 et
1706 1191 1734 1268 J
1742 1193 2070 1280 ohanninxxxvr.

217 1289 921 1398 archidyaconoLanchicien'sietc.
973 1289 1148 1371 Dominus
1168 1289 1243 1367 dux
1260 1293 1765 1382 Wratizlauicnsis'nos
1785 1309 1822 1372 et
1838 1323 1905 1380 no·
1958 1305 2044 1392 ma,

212 1407 321 1470 stram
348 1395 545 1473 ecclesiam
576 1393 839 1477 vexacionibus
865 1391 1036 1496 gravibus
1064 1407 1101 1473 et
1117 1395 1230 1470 variis
1256 1409 1293 1473 et
1312 1396 1450 1498 injuriis
1469 1398 1684 1492 lacescens,
1712 1401 1854 1502 rapinis·
1869 1395 1907 1480 e't
1941 1373 2054 1430 ΗΜ

212 1497 380 1578 collectis
404 1499 717 1577 innumerabilibus
741 1499 874 1598 ¹allligit
896 1507 1039 1573 nostros
1063 1499 1226 1576 homines
1250 1501 1499 1591 incessanter,
1534 1501 1679 1576 arbitrio
1696 1529 1762 1604 per
1786 1501 1901 1581 domi-

211 1629 291 1680 num
315 1603 473 1704 legatum
498 1603 591 1677 inter
614 1629 680 1683 uos
708 1615 745 1678 et
767 1601 882 1706 ipsum
908 1599 1080 1676 dominum
1107 1599 1237 1679 ducem
1261 1603 1335 1678 lato
1355 1615 1392 1680 et
1416 1603 1598 1704 publicato
1616 1603 1744 1682 nolens
1762 1607 1904 1708 parere,

210 1731 325 1807 ymmo
350 1706 556 1806 magistrum
582 1703 843 1782 Ludwicum
866 1701 971 1780 mittit
994 1703 1043 1780 ad
1068 1707 1218 1798 curiam,
1247 1717 1284 1781 ut
1302 1707 1369 1787 ¹vel
1386 1706 1517 1783 ibidem
1542 1705 1637 1784 idern
1656 1709 1832 1784 arbitrium
1850 1713 1906 1786 in·

210 1819 347 1912 pugnet
363 1809 424 1885 vel
443 1821 549 1892 extra
575 1810 706 1886 curiam
725 1807 890 1913 judices,
903 1807 1061 1884 obtlneat
1086 1835 1149 1912 pro
1167 1821 1271 1911 parte
1290 1806 1414 1902 ducis,
1443 1833 1561 1886 coram
1588 1811 1713 1912 quibus
1731 1809 1826 1893 idem
1845 1839 1906 1888 ar·

212 1913 347 1988 bitrium
363 1914 610 2014 inpungnetnr.
664 1911 1147 2014 Propterea'instantissime
1174 1937 1242 1988 vos
1267 1937 1452 2012 rogamus,
1481 1910 1577 2012 qnod
1603 1939 1680 1992 cum
1706 1913 1906 2016 patrocinio

212 2015 304 2093 dom.
322 2015 476 2092 Latini
495 2013 691 2092 cardinalis
710 2029 747 2092 et
765 2015 857 2095 dom.
876 2013 1071 2096 Firmani
1097 2042 1154 2118 ep.
1181 2027 1219 2092 et
1236 2017 1383 2092 aliorum
1402 2015 1609 2109 amicorum,
1638 2041 1726 2117 quos
1751 2020 1787 2093 in
1807 2021 1907 2100 curia

211 2122 346 2196 babere
364 2119 547 2221 potentie,
576 2118 780 2202 defensioni
793 2119 908 2226 ipsius
933 2119 1083 2214 arbitrii,
1111 2120 1143 2196 si
1168 2119 1331 2202 incuria
1355 2119 1496 2220 questio
1523 2145 1634 2220 super
1655 2122 1736 2222 ipso
1761 2123 1906 2201 arbitrio

211 2225 384 2302 ventilata
409 2223 530 2314 buerit,
558 2219 735 2298 insistatis
761 2235 798 2300 et
822 2221 907 2298 totls
931 2223 1066 2304 viribus
1091 2224 1218 2323 quibus
1241 2223 1396 2324 potestis
1423 2221 1625 2314 resistatis,
1659 2249 1705 2300 ne
1729 2223 1907 2328 aliquibus

205 2325 392 2428 judicibus
409 2327 480 2406 boc
498 2330 687 2426 negocium
704 2325 973 2428 ipsiusarbitrii
992 2339 1098 2402 extra
1116 2328 1247 2402 curiam
1273 2327 1519 2402 committatur.
1573 2327 1697 2426 Magis
1723 2329 1812 2406 enim
1836 2355 1906 2406 ro-

211 2433 325 2506 lunius
346 2439 382 2510 et
400 2429 565 2530 eligimus
587 2441 625 2504 ut
643 2433 678 2512 si
692 2429 817 2505 nostra
840 2429 1005 2506 ecclesia
1030 2427 1198 2512 conlundi
1214 2428 1350 2522 debet,
1377 2431 1412 2504 in
1435 2433 1632 2531 presencia
1657 2427 1794 2508 domini
1810 2457 1906 2536 pape

212 2545 249 2612 et
272 2533 387 2636 ipsius
415 2529 665 2616 cardinaliu'rn'
669 2539 850 2636 jacturam
875 2533 1054 2610 sustineat
1077 2541 1114 2609 et
1138 2533 1290 2625 ruinam,
1319 2533 1402 2634 qnia
1427 2545 1511 2608 tunc
1535 2545 1658 2610 nostre
1677 2535 1907 2636 negligencia

212 2662 279 2714 non
296 2637 415 2740 possit
433 2637 489 2738 qni
516 2633 614 2741 pierii
624 2635 799 2743 imputari.
854 2631 1033 2715 Si'autem
1053 2645 1159 2712 extra
1175 2637 1308 2711 curiam
1327 2637 1515 2736 negocium
1530 2638 1645 2738 ipsius
1665 2638 1799 2717 arbitrii
1814 2663 1907 2715 ren-

211 2741 386 2834 tilabitur,
415 2663 671 2819 condimdemur
686 2741 828 2866 penitus
848 2750 885 2815 et
903 2739 1068 2816 ecclesia
1079 2750 1214 2818 nostra·
1223 2737 1550 2843 irrecuperabiliter
1566 2739 1805 2840 demergetur,
1825 2733 1908 2844 quia

211 2855 358 2948 propter
381 2843 583 2946 potenciam
609 2853 646 2920 et
668 2843 884 2926 violenciam
907 2843 1021 2946 ipsius
1048 2840 1170 2935 ducis,
1198 2839 1247 2917 ad
1272 2841 1519 2925 defensionem
1543 2843 1659 2944 ipsius
1686 2843 1818 2920 arbitrii
1836 2851 1907 2923 riec

211 2954 464 3052 procuratores
490 2971 558 3023 nee
583 2941 786 3023 'advocatos
813 2947 1007 3050 poterimus
1030 2946 1201 3023 invenire.
1264 2945 1376 3024 Circa
1399 2945 1495 3022 hanc
1520 2948 1703 3024 materiam
1727 2946 1830 3022 vobis
1847 2945 1907 3029 ‘ad

212 3076 366 3154 presens
384 3075 453 3126 non
472 3046 670 3154 scribimus,
699 3050 782 3152 quia
798 3061 883 3152 post
897 3049 1048 3131 latorem
1066 3049 1292 3150 presencium
1309 3046 1343 3123 in
1360 3049 1552 3126 continenti
1570 3051 1732 3126 nuncium
1750 3061 1906 3125 nostrum

212 3155 328 3258 magis
346 3151 525 3258 ydoneum
544 3179 622 3230 cnm
641 3162 802 3332 negocio·
805 3153 953 3276 plenius
977 3153 1163 3228 informato
1188 3151 1237 3228 ad
1259 3177 1328 3228 vos
1347 3149 1605 3231 destinabimus
1631 3153 1906 3257 subsequenter,

212 3283 281 3334 ros
294 3271 429 3350 tamem
459 3259 552 3340 sicot
570 3252 635 3332 riri
652 3254 687 3332 in
717 3269 835 3350 ustrn,
862 3251 979 3333 medio
997 3267 1156 3358 tempore
1174 3254 1366 3350 laboretis,
1393 3263 1432 3328 nt
1449 3251 1544 3330 idem
1563 3253 1740 3333 arbitrium
1757 3279 1824 3358 per
1841 3251 1905 3332 sess

213 3361 296 3440 dem
314 3355 549 3464 apostolicam
575 3382 624 3436 ex
649 3373 750 3444 certa
774 3359 939 3440 sciencia
962 3357 1241 3437 confirmeturet
1259 3383 1431 3460 supereo
1450 3355 1665 3458 exequendo
1690 3355 1799 3434 detur
1838 3355 1907 3434 do·

213 3491 304 3542 nens
323 3477 510 3557 executor,
530 3456 674 3544 s'cilicet
692 3465 852 3566 archiep.
872 3461 1165 3544 Gneznensis
1184 3473 1222 3538 et
1239 3489 1327 3538 suus
1346 3463 1597 3560 suffraganeus
1616 3487 1672 3562 ep.
1689 3387 1907 3544 Wladiz-

212 3569 461 3660 lauriensis,
488 3569 641 3673 propriis
665 3569 820 3674 ipsorum
845 3567 1041 3646 nominibus
1065 3591 1133 3648 non
1158 3564 1367 3668 expressis,
1395 3575 1433 3641 ct
1450 3567 1516 3639 snb
1534 3563 1598 3648 illa
1615 3565 1710 3666 juris
1729 3559 1907 3673 clausula,

213 3671 308 3774 qnod
327 3673 360 3748 si
378 3673 480 3746 ambo
498 3667 679 3750 interesse
697 3695 765 3744 non
783 3679 949 3772 poterunt
967 3679 1037 3748 etc.
1090 3668 1175 3746 lloc
1199 3681 1315 3747 tamen
1342 3667 1536 3759 adicimus,
1564 3666 1660 3770 quod
1682 3672 1829 3772 propter
1849 3669 1907 3749 ni-‘

213 3777 302 3852 mios
321 3767 478 3852 terrores¹
498 3784 535 3850 et
552 3792 706 3876 graves,
733 3775 903 3848 incussos
920 3773 1024 3847 nobis
1036 3794 1092 3852 ex
1109 3781 1213 3874 parte
1232 3771 1319 3850 dicti
1337 3769 1462 3864 ducis,
1489 3771 1611 3854 mortis
1635 3771 1696 3854 vel
1715 3773 1909 3876 captivita-

212 3876 259 3956 tis
276 3879 380 3954 nobis
397 3877 651 3970 incumbentis,
677 3875 879 3977 recepimus
906 3900 973 3957 nos
1000 3877 1034 3952 in
1054 3889 1176 3953 castro
1195 3887 1316 3950 nostro
1336 3875 1618 3967 Otmnchow,
1646 3872 1775 3974 inquo
1802 3864 1908 3974 qnasi

215 3985 348 4106 captivi
361 3985 550 4086 jacemus,
578 3977 629 4056 ita
650 3977 749 4080 quod
774 3979 890 4055 eciam
914 3981 1026 4058 castri
1043 3976 1174 4052 valvas
1200 3971 1326 4078 egredi
1350 4003 1418 4051 nou
1445 3975 1630 4052 audemus.
1684 3973 1767 4054 Hoc
1792 3976 1908 4058 eciam

216 4087 344 4166 sonatis
363 4079 459 4188 quo'd
476 4079 770 4174 Zbiluchelz,
798 4083 1033 4182 congregatis
1057 4105 1159 4182 quam
1184 4077 1320 4155 iuribus
1345 4077 1578 4172 satellitibus,
1605 4075 1730 4154 habita
1749 4079 1910 4158 licencia

213 4187 320 4266 ducis
342 4189 378 4263 in
394 4181 618 4263 nocte‘beati
636 4177 737 4274 Petri
754 4185 938 4288 martyris,
965 4195 1136 4287 presente
1155 4105 1250 4259 duce
1272 4183 1353 4286 ipso
1377 4183 1413 4257 in
1432 4194 1554 4264 castro
1579 4193 1616 4257 et
1632 4181 1738 4261 nobis'
1753 4180 1909 4260 incuria
1926 4195 1967 4251 lc
1986 4201 2067 4250 nan.

215 4305 340 4370 nostra
355 4283 669 4366 Wratizla'ui'e
689 4287 913 4392 jacentibus,
939 4311 1017 4364 cunr
1041 4281 1198 4388 primum
1211 4309 1391 4386 sompnum
1410 4308 1532 4360 omues
1551 4285 1717 4362 lacerent
1734 4279 1908 4390 dominnm

214 4395 242 4474 J
246 4392 499 4501 comunem)
524 4391 756 4472 scolasticum
779 4403 954 4483 nostrum,
982 4389 1065 4492 qnia
1089 4387 1193 4464 nobis
1219 4387 1361 4464 assistit
1383 4388 1418 4462 iu
1437 4387 1591 4488 negocio
1611 4385 1774 4470 ecclesie
1793 4396 1907 4490 qnan-

215 4509 287 4575 tum
302 4509 443 4602 potest,
471 4499 509 4572 ut
532 4488 721 4574 occideret
745 4495 922 4574 violenter
937 4490 1049 4572 irruit¹
1061 4491 1212 4574 domum.
1224 4487 1343 4599 suano,
1364 4489 1559 4594 irrumpens
1577 4503 1702 4594 portas
1721 4504 1757 4568 et
1774 4491 1907 4595 hostia‘,

215 4598 317 4705 quem
335 4627 404 4679 non
422 4593 970 4707 inveniens,''qnia'premunitus
985 4595 1163 4673 sueratet
1179 4619 1222 4672 se
1240 4605 1433 4698 receperat
1450 4596 1484 4677 in
1505 4595 1686 4688 ecclesia,
1712 4593 1775 4671 illa
1795 4596 1907 4673 'nocte

215 4714 330 4810 eqrros
359 4728 430 4783 sex
456 4717 493 4782 et
509 4704 582 4780 'res
609 4695 843 4806 ''tramplures
860 4701 1017 4778 abstulit
1039 4708 1077 4778 et
1101 4700 1221 4782 adbuc
1248 4697 1396 4802 publice
1421 4697 1476 4777 eis
1499 4696 1605 4780 utitur
1629 4709 1666 4774 et
1685 4722 1751 4774 eas
1771 4694 1908 4776 detinet

216 4815 429 4934 occupatas
447 4731 884 4920 :Datum‘d'tmnchom
902 4797 1303 4929 kalendfl'mensjdpn‘fi,
1323 4793 1907 4929 aurardominintcmxxrcl

526 4984 668 5033 ¹rr.'⁰l··
715 5002 755 5031 9¹
802 4977 805 4984 Δ
856 4991 903 5002 “’““
1014 4991 1059 5046 :q-
1108 4975 1190 5033 ἡ·
1255 5013 1294 5028 .,
1358 4979 1418 5017 ’ἶ
1497 5016 1506 5026 ,
