4594 5774
394 507 473 588 Μ
992 449 1222 584 Ureu-nens
1259 511 1485 586 ocnxm

393 711 598 817 apostolice
628 709 733 790 sedis
766 711 802 788 in
833 710 996 814 portibus
1020 712 1213 790 Polouic
1243 713 1348 790 vices
1383 737 1517 816 gerens
1544 713 1774 794 drumm
1805 725 1845 792 et
1865 715 2085 816 pronuncia·

391 843 472 896 msc
498 816 885 895 cxoomnmicaoionis
909 817 1100 896 sentencia
1124 815 1326 894 mundatos.

497 920 650 1022 Insuper
676 945 756 996 cunr
780 920 1012 1022 capitaneus,
1040 921 1214 998 eonsules
1240 928 1279 997 et
1306 921 1450 1011 ....¹)
1483 933 1521 998 et
1546 919 1608 997 ulii
1630 917 1823 1022 prescripti
1848 941 1896 995 ae
1922 918 2088 1020 singula·

394 1049 459 1104 res
485 1025 588 1103 cives
613 1025 756 1100 Wrat.
782 1047 847 1126 pro
875 1023 1112 1101 satisfacicnc
1138 1021 1311 1102 facienda
1336 1026 1372 1100 in
1398 1024 1545 1102 civitate
1579 1036 1618 1101 et
1643 1021 1808 1099 districtu
1835 1021 1977 1098 Wrat.
2010 1047 2088 1100 mo·

394 1129 473 1208 neri
498 1139 535 1205 et
560 1128 690 1228 requiri
714 1151 784 1204 uon
811 1127 952 1230 possint
984 1153 1034 1205 ex
1065 1147 1169 1229 parte
1203 1139 1327 1205 nostra
1351 1151 1401 1204 cx
1427 1153 1491 1222 eo,
1524 1135 1622 1228 qoud
1647 1133 1752 1202 nollo
1774 1153 1939 1224 persono
1963 1137 2087 1204 eccle-

393 1240 549 1310 oiurtr'cc
572 1247 729 1331 proptor
754 1247 891 1308 malum
915 1239 1043 1307 mortis
1068 1289 1075 1304 .
1097 1291 1105 1306 .
1129 1289 1136 1305 .
1158 1233 1208 1322 .²)
1240 1241 1301 1308 nel
1322 1240 1507 1330 presumit
1529 1239 1665 1330 sceptri
1690 1235 1843 1328 aliquod
1869 1237 2089 1306 mandatnm

395 1335 489 1414 dom.
522 1335 634 1412 nostri
666 1359 782 1437 pope,
815 1333 909 1411 dom.
944 1335 1229 1437 archiepiscopi,
1263 1347 1420 1410 nostrum
1452 1334 1671 1436 inquisitoris
1702 1332 1866 1410 heretice
1898 1333 2088 1436 pravitatis

395 1439 550 1518 officium
575 1439 637 1516 vel
662 1439 812 1516 alterius
838 1442 1085 1540 cujuscunque
1111 1439 1405 1516 ecclesiasticam
1432 1437 1707 1540 jurisdicioncnr
1730 1436 1899 1514 babeatis
1932 1437 1969 1512 in
1996 1437 2088 1513 ciri-

395 1553 472 1622 tnte
497 1554 536 1620 et
561 1541 725 1621 districtu
750 1542 903 1636 Wrat„
929 1541 1015 1619 ideo
1041 1568 1087 1618 ne
1112 1555 1258 1645 propter
1284 1541 1457 1620 dietumm
1481 1543 1702 1646 potenciam,
1735 1539 1950 1618 violenciam
1975 1552 2015 1616 et
2039 1541 2086 1616 ti·

395 1644 578 1724 rannidem
603 1647 759 1748 ipsorum
784 1647 1008 1748 perversitas
1034 1661 1219 1724 remaneat
1242 1647 1428 1749 imprmita,
1463 1671 1646 1722 monemus
1672 1653 1710 1722 et
1735 1644 1945 1745 reqrririmus
1973 1667 2086 1722 cuno·

395 1752 480 1828 nico
504 1747 597 1827 dom.
622 1750 867 1828 iohannem
900 1775 1023 1851 regom
1056 1751 1257 1840 boemie,
1292 1749 1518 1830 Cunadum
1550 1747 1600 1826 de
1627 1747 1912 1825 Vallrinbaiu
1943 1749 2088 1850 capita·

396 1879 518 1946 neum,
552 1854 723 1931 consules
743 1863 826 1930 tam
860 1856 943 1930 anni
968 1856 1129 1956 preteriti
1154 1881 1256 1955 quom
1282 1856 1463 1957 presentis
1494 1855 1662 1956 superius
1686 1852 1905 1944 nominatos,
1939 1850 2088 1928 Gudi-

396 1983 490 2036 ιιιιιιι
515 1956 912 2035 Kacainscbinder
944 1983 991 2036 oc
1016 1959 1257 2036 Nicolaum
1289 1957 1421 2037 dicurm
1446 1958 1584 2035 Koail
1618 1969 1656 2034 et
1688 1955 1782 2032 alios
1808 1956 2085 2058 prenominatos,

397 2077 436 2140 ut
461 2061 510 2139 de
536 2059 711 2164 predictis
736 2059 911 2162 dampnis,
938 2062 1083 2163 rapinis,
1109 2062 1258 2163 spoliis,
1283 2063 1473 2139 violenciis
1499 2074 1538 2138 ct
1561 2061 1717 2162 injuriis,
1743 2069 1781 2134 ut
1806 2059 1995 2161 prefertur,
2021 2084 2089 2162 per

397 2189 466 2245 eos
490 2165 621 2256 illude,
647 2165 770 2256 nobis,
805 2165 960 2266 capitulo
988 2177 1025 2242 et
1050 2165 1291 2265 singularibus
1316 2166 1484 2272 personis
1508 2166 1624 2268 ipsios
1649 2189 1696 2240 oc
1723 2163 1823 2241 clero
1849 2163 2023 2263 religioso
2048 2179 2087 2240 et

398 2270 556 2348 seculari
590 2269 821 2346 satisfaciant
854 2279 891 2344 et
924 2268 1094 2344 satisfieri
1125 2277 1316 2370 procurent
1351 2293 1429 2346 oum
1470 2270 1601 2346 ellectu
1634 2266 1824 2368 dictosque
1856 2268 2015 2343 intumos
2051 2281 2089 2345 et

397 2374 602 2476 propbonos
636 2373 738 2448 uobis
763 2382 973 2473 presentem
1005 2372 1100 2447 inlra
1125 2369 1255 2447 XXX.
1283 2371 1365 2450 dies
1390 2397 1415 2450 ιι
1438 2373 1551 2474 prima
1575 2370 1771 2466 dominica,
1797 2396 1870 2472 qna
1893 2383 2087 2472 presentes

398 2478 625 2556 iuecclesia
649 2489 775 2553 vestro
805 2474 945 2553 domine
977 2483 1097 2552 rector
1121 2476 1161 2551 N
1167 2477 1342 2553 isensis
1376 2477 1541 2554 ecclesie
1574 2475 1845 2578 publicaveritis
1876 2488 2088 2577 compntan-

399 2577 488 2669 dun,
523 2605 665 2680 quonum
702 2577 828 2656 decem
863 2580 918 2655 eis
949 2591 989 2656 et
1021 2603 1142 2656 eorum
1172 2581 1325 2680 singulis
1356 2605 1421 2684 pro
1446 2582 1555 2682 primo
1583 2593 1621 2658 et
1650 2579 1744 2656 alios
1770 2576 1900 2656 decem
1930 2603 1996 2681 pro
2020 2604 2088 2656 se·

401 2681 518 2762 cnudo
544 2695 582 2762 et
608 2683 764 2784 reliquos
796 2681 925 2760 decem
958 2681 1039 2759 dies
1070 2681 1272 2763 immediate
1306 2697 1503 2785 sequentes
1534 2709 1599 2787 pro
1631 2684 1746 2760 tercio
1779 2695 1818 2759 et
1848 2684 2085 2784 peremptorio

399 2787 547 2868 termino
573 2811 620 2864 oc
645 2788 843 2864 municione
869 2789 1045 2864 canonica
1071 2790 1317 2887 assignamus,
1350 2788 1504 2889 alioquin
1538 2789 1639 2890 ipsos
1673 2801 1711 2865 et
1743 2785 1936 2886 quemlibet
1964 2811 2084 2863 eorum

399 2901 544 3070 ppppter
568 2913 690 2968 eorum
714 2892 873 2968 notorius
906 2903 944 2966 et
969 2915 1133 2968 enonnes
1160 2915 1344 2969 excessus
1370 2891 1555 2994 predictos
1589 2915 1733 2968 exnunc
1756 2901 1861 2992 prout
1891 2901 2022 2968 extunc
2047 2890 2086 2966 in

425 2995 469 3070 ”s
503 2995 649 3096 scriptis
683 3002 1079 3072 encornmuor'cocr'om'a
1112 2999 1255 3072 viuculo
1288 3003 1421 3071 iterum
1453 3001 1690 3082 innodamus,
1732 2995 1912 3072 civitatem
1946 3018 2086 3096 qnoque

398 3099 554 3200 ipsorum
581 3109 619 3175 ct
643 3098 746 3176 cives
772 3097 822 3174 ad
846 3097 1060 3199 puniendum
1084 3097 1259 3174 dominnm
1283 3099 1439 3202 ipsorum
1463 3101 1498 3176 in
1524 3100 1627 3203 ipsis,
1658 3123 1738 3176 cum
1761 3110 1799 3175 et
1823 3098 1895 3201 ipsi
1920 3099 2085 3201 culpabi·

398 3202 457 3281 les
475 3203 646 3295 existant,
672 3201 708 3278 in
725 3202 796 3278 biis
813 3203 959 3304 scriptis
985 3209 1226 3302 supponimus
1250 3209 1503 3280 ecclesiastico
1520 3210 1724 3280 interdicto.
1762 3203 1953 3280 monemus
1971 3204 2088 3282 euim

399 3307 522 3408 primo,
549 3304 713 3386 secundo
738 3319 777 3383 et
798 3306 911 3384 tercio
938 3330 985 3383 oc
1008 3307 1247 3408 peremptorie
1272 3331 1395 3384 omues
1429 3319 1468 3384 et
1492 3305 1656 3406 singulos
1680 3306 1839 3384 intrusos
1863 3331 1931 3409 per
1955 3315 2085 3410 poten-

401 3409 493 3486 ciam
517 3411 720 3488 secularem
744 3410 1007 3512 prenominatos
1032 3433 1171 3488 mennon
1197 3409 1330 3487 fratres
1347 3411 1521 3494 Petrum
1548 3412 1724 3511 antiquum
1751 3421 1789 3487 et
1804 3412 1981 3489 Petrum
1997 3411 2087 3488 Ka·

402 3511 745 3604 cainscbindcr‚
779 3516 848 3614 qui'
870 3537 913 3589 se
939 3515 1155 3589 intruserunt
1184 3515 1219 3588 in
1246 3515 1495 3592 monesterium
1528 3541 1559 3590 s.
1586 3515 1795 3608 vincendi,
1829 3527 2005 3618 quatenns
2029 3519 2087 3595 in·

401 3615 459 3694 l'rc
490 3613 674 3716 predictos
706 3615 807 3709 dies,
840 3641 931 3716 qnos
963 3617 1019 3692 eis
1053 3629 1091 3693 et
1123 3617 1268 3695 cuilibet
1294 3643 1413 3695 eornm
1444 3643 1509 3720 pro
1535 3620 1663 3720 primu,
1698 3619 1874 3713 secundo,
1902 3621 2017 3697 tercio
2050 3635 2089 3700 et

401 3719 638 3898 ppremptorio
662 3721 809 3796 termino
843 3731 881 3797 ct
906 3721 1103 3797 municione
1129 3722 1304 3799 canonica
1328 3724 1575 3822 assignamus,
1609 3721 1795 3825 predictas
1830 3723 2016 3803 ecclesias
2049 3748 2089 3803 er

440 3845 487 3898 oa
512 3819 561 3898 ad
587 3849 677 3922 quas
705 3835 742 3901 et
767 3847 836 3924 que
861 3825 986 3899 intrusi
1012 3837 1093 3900 sunt
1119 3826 1256 3900 omniuo
1282 3824 1457 3902 dimittant
1482 3851 1551 3903 nec
1576 3827 1612 3902 in
1639 3828 1695 3903 eis
1721 3827 1907 3906 celebrent
1931 3831 1993 3907 vel
2019 3855 2087 3909 ce·

402 3925 624 4004 lebrautibus
647 3928 843 4004 ministrent
873 3951 989 4028 neque
1016 3930 1211 4030 qrrempiam
1235 3941 1427 4031 procurent
1460 3931 1729 4008 ecclesiasticis
1755 3935 1992 4011 sacramentis
2016 3959 2088 4013 nec

403 4029 658 4108 consessiones
682 4013 829 4107 abdiont
854 4057 922 4108 nec
947 4031 1135 4133 predicent
1159 4057 1206 4110 ac
1232 4031 1281 4110 de
1298 4033 1499 4128 violenciis,
1526 4034 1664 4137 injuriis
1690 4049 1728 4112 et
1748 4034 1911 4139 dampnis
1929 4063 1998 4140 qne
2015 4041 2085 4116 ab·

403 4133 472 4212 bas
496 4144 535 4210 et
561 4147 758 4211 conventum
792 4133 879 4212 dicti
906 4139 1108 4213 monasterii
1141 4163 1173 4212 s.
1201 4137 1408 4230 Vincencii,
1441 4138 1573 4216 fratres
1599 4137 1869 4218 Predioutomm
1903 4157 1942 4220 et
1965 4144 2087 4220 blina-

404 4261 479 4312 rum
503 4235 662 4314 ordinum
687 4262 733 4314 ao
759 4251 922 4316 rectores
948 4240 1034 4316 cicli
1059 4239 1298 4342 predictarum
1323 4242 1560 4319 ecclesiarum
1586 4243 1859 4346 parrochialinm
1884 4249 1987 4350 possi
2004 4263 2089 4326 snut

302 4395 307 4414 .
404 4339 496 4440 ipsis
520 4353 560 4418 et
583 4342 686 4418 uobis
711 4343 940 4422 sabslaciant
964 4344 1187 4444 integraliter
1211 4357 1252 4422 et
1275 4345 1470 4448 complete,
1504 4347 1660 4448 alioquin
1691 4349 1796 4451 ipsos
1826 4363 1864 4426 et
1897 4353 2089 4452 quemlibet

406 4465 527 4520 eorum
552 4445 738 4522 sentencie
764 4447 1149 4526 excommunicacionis
1173 4450 1208 4523 in
1234 4447 1373 4527 modum
1399 4475 1468 4551 qno
1494 4451 1705 4552 supralata
1730 4455 1970 4531 estvolumus
1997 4457 2086 4533 sub-

401 4549 550 4646 jecere,
583 4549 687 4626 vobis
719 4546 860 4627 domine
891 4563 1012 4628 rector
1042 4549 1091 4629 de
1115 4553 1234 4630 Nisa
1263 4554 1299 4629 in
1325 4555 1454 4631 virtute
1479 4565 1608 4630 sancte
1640 4553 1854 4636 obediencie
1880 4557 2087 4640 districcins

406 4647 635 4749 injungendo,
662 4664 699 4728 ut
723 4653 817 4731 bunc
843 4667 997 4732 nostrum
1022 4681 1233 4758 processum
1260 4655 1399 4735 duobus
1426 4655 1612 4734 dominicis
1639 4655 1768 4738 diebos
1794 4663 1976 4764 proximis,
2004 4689 2084 4742 cnm

453 4891 486 4966 1)
513 4885 575 4949 Εἱιι
596 4889 684 4955 nicht
704 4913 744 4954 au
765 4889 985 4958 eutzifferndes
1008 4893 1114 4960 Wort.

452 4973 486 5048 2)
514 4969 575 5034 Ein
597 4973 684 5040 uicbl
704 4999 742 5039 nu
765 4975 985 5044 entzifferndes
1007 4979 1114 5046 Wort.
