4552 5786
843 549 1057 623 Urbsuderu.
1111 548 1239 622 coeV.
1810 547 1887 624 3511

201 753 346 834 domino
371 767 493 832 nostro
518 754 720 858 imperatori
745 765 920 854 tamquam
938 751 1129 830 'Boemie
1162 751 1241 852 regi
1267 751 1414 828 racione
1445 747 1542 852 opidi
1568 761 1606 828 et
1636 763 1732 830 terre
1749 752 1888 854 'jamdi-

201 873 337 938 otorum
362 860 592 962 prestitimus,
619 857 862 960 sollempniter
884 857 1056 934 innovare
1082 881 1129 935 ac
1154 857 1235 958 ipse
1253 853 1652 932 Wratislauiensis
1678 859 1887 960 episeopus,

200 963 259 1064 qui
284 987 351 1066 pro
376 975 536 1066 tempore
561 962 679 1055 luerit,
706 969 808 1038 velut
822 968 891 1036 ulii
906 968 1101 1060 principes
1118 967 1213 1060 ligii,
1240 959 1432 1062 capitulum
1454 983 1542 1035 vero
1568 958 1733 1060 ejusdem
1759 961 1887 1040 eecle-

201 1067 259 1145 sie
283 1079 460 1168 umquam
485 1073 622 1142 uoaollt
640 1074 748 1162 regnu·
764 1080 801 1141 et
818 1094 948 1140 corone
966 1065 1147 1141 Boemie
1166 1065 1282 1139 omnia
1299 1074 1337 1140 et
1353 1062 1496 1163 singula
1513 1063 1660 1156 sacient,
1688 1069 1757 1166 qu'e
1776 1070 1889 1165 juxta

197 1169 390 1274 privilegia
421 1183 460 1248 et
492 1168 778 1247 consuetudines
806 1168 908 1268 regui
939 1181 979 1244 et
1013 1193 1147 1250 corone
1173 1167 1355 1244 lloemie
1381 1166 1508 1243 lacere
1535 1168 1746 1244 tenebuntur
1769 1169 1887 1248 tocies

200 1274 351 1376 quocies
377 1299 525 1352 casurum
551 1273 784 1350 mutabilitate
810 1284 986 1373 poscente
1011 1271 1046 1347 iu
1072 1283 1184 1348 morte
1209 1271 1309 1371 regis
1335 1271 1516 1348 Bnemie
1548 1297 1615 1347 seu
1643 1271 1887 1350 Wratisla·

200 1378 376 1456 niensis
401 1377 566 1480 ep‘meopi
591 1377 698 1453 luerit
723 1391 945 1477 oportunum,
981 1376 1108 1468 berna,
1142 1374 1253 1450 talliis
1285 1399 1353 1452 seu
1387 1373 1647 1452 exaccionibns
1679 1399 1726 1452 ac
1753 1377 1886 1456 ceteris

199 1481 465 1582 gravaminibus
491 1481 670 1582 exceptis,
696 1477 746 1555 ad
772 1503 863 1579 quas
889 1490 927 1555 et
952 1503 1022 1578 que
1039 1505 1108 1554 nun
1125 1479 1444 1580 recongnoscinus
1461 1503 1529 1554 nos
1546 1479 1672 1556 teneri.
1705 1479 1754 1556 Ut
1771 1479 1887 1556 eciam

200 1585 406 1688 respublica
438 1585 539 1684 regni
573 1595 609 1661 ct
642 1606 775 1660 corone
801 1583 983 1660 lloemic
1041 1607 1080 1658 ro
1106 1581 1380 1682 magnificencia
1411 1594 1635 1685 patronorum
1661 1593 1700 1658 et
1725 1579 1886 1658 dominu·

200 1715 275 1766 rum
300 1703 497 1764 nostrorum
523 1687 700 1764 Bnemie
724 1711 850 1786 regum
879 1696 916 1762 et
942 1609 1159 1763 subditorum
1185 1685 1288 1786 regni
1312 1683 1465 1788 predicti
1488 1698 1594 1788 grata
1618 1685 1737 1763 salute
1763 1687 1888 1766 felicia

199 1791 339 1895 quidem
367 1792 586 1868 incrementa
611 1792 817 1892 suscipiens
844 1789 1012 1866 solutus
1038 1801 1188 1866 auctore
1214 1788 1286 1866 deo
1313 1790 1551 1866 successibus
1577 1801 1772 1892 augeatur,
1799 1815 1885 1892 pro·

199 1897 363 1972 mittimus
390 1895 484 1971 bona
509 1906 635 1971 nostra
659 1891 732 1971 lide
760 1905 797 1970 et
824 1895 903 1971 sine
936 1893 1028 1968 omni
1055 1891 1140 1970 dolo
1164 1919 1229 1996 pro
1255 1894 1358 1970 nubis
1385 1905 1423 1969 et
1448 1894 1727 1971 successoribus
1752 1893 1885 1971 uostris

199 2003 452 2104 imperpetuum
478 1998 620 2102 prefato
646 1996 786 2075 domino
813 2007 935 2072 nostro
960 1997 1163 2099 imperatori
1189 2009 1361 2100 tamquam
1380 1997 1557 2076 Boemie
1584 1998 1676 2098 regi,
1690 1997 1885 2076 heredibus

200 2115 238 2182 el
255 2103 532 2182 successoribus
551 2102 628 2178 suis
646 2101 830 2180 Buemie
849 2101 1008 2202 regibus,
1035 2099 1131 2202 quud
1156 2100 1240 2179 nudli
1267 2127 1417 2201 unquam
1442 2102 1535 2201 regi,
1560 2101 1707 2204 principi
1734 2127 1800 2179 sen
1828 2101 1885 2178 al·

200 2207 268 2284 teri
294 2231 449 2308 persone
474 2205 535 2282 vel
560 2205 770 2298 bominibus,
798 2209 1054 2308 cujuscumque
1081 2216 1210 2298 status,
1238 2203 1434 2306 dignitatis,
1461 2203 1678 2306 gradusseu
1698 2204 1885 2283 condiciu-

200 2311 256 2388 nis
283 2309 453 2402 existant,
480 2309 538 2410 qui
566 2309 670 2410 regni
696 2319 734 2386 et
759 2333 891 2385 corone
916 2307 1097 2386 Boemie
1123 2307 1316 2412 principes,
1342 2307 1561 2410 principatus
1579 2318 1617 2388 et
1633 2308 1801 2402 ducatus,
1829 2311 1884 2390 ci·
2004 2321 2007 2326 '

198 2415 345 2492 vitatem
369 2411 714 2490 Wratislauiam
747 2423 784 2490 et
815 2411 889 2488 alia
918 2409 1081 2488 similiter
1112 2413 1148 2488 in
1181 2423 1305 2488 nostra
1330 2411 1710 2508 Wratisluuiensi
1742 2412 1886 2492 diocesi

200 2543 268 2595 seu
294 2517 379 2594 alibi
405 2517 496 2593 sitos
522 2529 585 2594 aut
609 2517 681 2594 sita
707 2540 844 2594 necnon
872 2513 1043 2608 dominia,
1068 2519 1172 2616 jura,
1205 2528 1321 2592 metas
1353 2541 1419 2593 seu
1452 2517 1696 2618 pertinencias
1729 2515 1884 2620 ipsorum

199 2621 440 2724 impungnarc,
468 2617 651 2698 offendere
676 2619 737 2697 vel
763 2615 937 2698 invadere
955 2619 1160 2710 niterentur,
1187 2617 1368 2696 adversus
1387 2617 1548 2696 dominos
1567 2632 1605 2698 et
1620 2633 1790 2724 patronos
1816 2645 1884 2698 no.-

200 2736 296 2802 stros
322 2725 505 2803 Boemie
536 2748 665 2826 reges,
700 2723 758 2826 qui
783 2748 847 2826 pro
874 2735 1033 2824 tempore
1059 2721 1205 2818 suerint,
1237 2723 1477 2823 prestabimus
1503 2733 1565 2800 aut
1596 2723 1773 2804 faciemus
1798 2749 1885 2828 pre·
1990 2761 1998 2774 ·

200 2828 288 2906 stari
314 2840 376 2904 aut
400 2827 477 2905 lien'
505 2827 758 2905 sustinebimus
785 2852 808 2902 a
834 2827 936 2904 nobis
962 2825 1024 2904 vel
1050 2825 1182 2902 nostris
1206 2823 1363 2902 subditis
1389 2825 1576 2920 auxilinm,
1612 2829 1798 2906 consilium
1823 2827 1885 2905 vel

174 2933 371 3024 -lanurem,
396 2957 514 3034 ymmo
540 2957 664 3010 omnes
690 2945 728 3008 et
753 2929 916 3032 singulas
942 2929 1161 3032 municiones
1185 2941 1329 3007 nostras
1353 2939 1390 3006 et
1415 2929 1578 3008 ecclesie
1595 2931 1745 3024 Wrat.,
1771 2931 1885 3008 nomi·

199 3035 306 3112 natim
338 3047 433 3112 terre
458 3033 498 3110 N
504 3036 711 3136 ysensis,
747 3058 816 3134 que
849 3047 946 3111 terra
971 3033 1010 3108 N
1017 3033 1206 3136 ysensis
1233 3031 1447 3136 disponente
1475 3031 1626 3123 domiuo,
1657 3047 1884 3137 preterquam

200 3138 250 3218 ad
284 3139 531 3241 suprascripta
564 3149 602 3214 et
635 3138 866 3240 infrascripta
890 3137 1069 3240 promissa
1086 3137 1274 3237 juvamina
1299 3149 1336 3214 et
1361 3147 1569 3240 aperturas,
1600 3137 1715 3213 libera
1741 3163 1886 3240 semper

201 3241 319 3320 extitit
345 3253 383 3322 et
408 3242 545 3334 existit,
572 3265 618 3317 ao
645 3241 739 3317 alias
763 3241 982 3320 municiones
1009 3241 1218 3342 ubicumque
1243 3239 1373 3317 fuerint
1391 3241 1594 3332 constitute,
1622 3237 1802 3318 adversus
1828 3241 1884 3318 in·

199 3371 367 3440 rasores,
393 3345 682 3448 impungnatnres
708 3369 774 3438 seu
802 3345 1002 3422 offensores
1029 3343 1223 3446 quoslibet,
1250 3343 1458 3446 compbces,
1486 3343 1673 3446 adjutores
1700 3355 1738 3422 et
1763 3343 1884 3421 sautu-

199 3475 261 3528 res
288 3475 408 3528 eorum
434 3447 575 3552 prelato
603 3447 741 3524 domiuo
767 3461 890 3525 nostro
915 3449 1117 3550 imperatori
1147 3459 1322 3550 tamquam
1348 3449 1426 3548 regi
1450 3449 1656 3542 Boemie,
1689 3447 1885 3528 beredrbus

201 3567 239 3632 et
270 3553 549 3632 successoribus
581 3552 658 3628 suis
695 3551 871 3630 Boemie
905 3553 1071 3654 regibus,
1115 3553 1336 3656 capitaneis,
1381 3551 1598 3631 officialibus
1624 3563 1662 3630 et
1688 3551 1885 3630 bominibus

199 3660 376 3760 ipsorum,
403 3653 485 3731 dum
513 3669 549 3732 et
575 3655 724 3758 quocies
750 3657 971 3760 oportunitas
995 3653 1083 3731 illud
1110 3657 1278 3757 exegerit
1301 3681 1365 3758 pro
1392 3653 1606 3734 defensione
1632 3658 1759 3760 patrie,
1786 3657 1885 3762 prin·

132 3831 136 3842 ,
201 3761 391 3864 cipetuum,
419 3757 621 3853 ducatuum,
640 3758 877 3855 dominiorum,
898 3761 1038 3862 jurium,
1063 3761 1357 3864 pertinenciarum
1376 3774 1413 3838 et
1428 3761 1595 3838 bonorum
1621 3785 1756 3860 regum,
1782 3761 1886 3862 regni

200 3877 239 3942 et
265 3887 397 3942 corone
421 3863 621 3954 Boemie,
650 3865 708 3966 qui
735 3877 867 3966 etque
895 3865 1136 3968 exprimuntur
1161 3863 1346 3966 superius,
1373 3865 1619 3966 promittimus,
1647 3861 1820 3942 debemus
1848 3875 1887 3941 et

199 3967 362 4045 volumus
389 3971 726 4068 aperirefidcb'ter
752 3979 789 4046 et
815 3967 964 4046 etiioere
990 3993 1037 4050 ac
1062 3992 1257 4070 procurare
1283 3991 1349 4070 per
1366 3991 1490 4044 omnes
1516 3967 1694 4045 officiales
1721 3977 1759 4045 et
1785 3991 1885 4050 com·

200 4072 388 4148 nnasarios
414 4083 558 4146 nostros
585 4071 723 4170 absque
750 4072 943 4173 cujuslibet
969 4069 1194 4149 difficultatis
1220 4071 1325 4148 obice
1358 4069 1528 4171 legaliter
1561 4071 1710 4174 aperiri,
1731 4071 1800 4154 ,sic
1825 4083 1885 4149 ta·

200 4201 292 4270 meu,
320 4171 415 4276 quod
439 4171 534 4250 idem
561 4171 723 4250 dominus
749 4185 884 4266 noster,
910 4173 1070 4252 heredes
1097 4185 1133 4251 et
1160 4198 1403 4256 successores
1428 4175 1543 4278 ipsius
1567 4175 1747 4252 Boemie
1773 4199 1885 4277 reges

201 4303 269 4356 nou
296 4277 433 4356 lanient
459 4303 538 4355 cum
562 4277 801 4372 invasoribus,
827 4277 992 4356 hostibus
1006 4291 1048 4374 et
1065 4278 1191 4356 emulis
1207 4275 1411 4379 hujusmodi
1434 4287 1556 4382 preter
1575 4275 1791 4356 voluntatem
1817 4303 1885 4354 no·

201 4393 311 4484 stram
337 4379 565 4460 concordiam
591 4381 652 4460 vel
678 4380 774 4482 quod
799 4383 892 4459 alias
919 4381 1110 4460 reddamur
1132 4382 1354 4485 indempnes,
1382 4407 1428 4460 ac
1453 4395 1578 4460 contra
1595 4407 1717 4459 omnes
1744 4393 1782 4460 et
1808 4383 1885 4458 sin-

200 4487 308 4588 gulos
333 4485 542 4578 invasores,
570 4497 809 4588 oppressores
836 4499 873 4564 et
898 4487 1150 4566 molestatores
1177 4499 1340 4578 nostros,
1368 4485 1531 4564 ecclesie
1557 4497 1680 4563 nostre
1708 4495 1745 4563 et
1770 4486 1885 4562 bouu-

201 4617 275 4666 rum
300 4590 415 4692 ipsius
440 4601 604 4665 tueantur
628 4614 693 4692 pro
718 4589 852 4666 viribus
878 4601 916 4668 et
941 4587 1151 4668 defendant.
1203 4593 1337 4668 llarum
1364 4590 1491 4690 quibus
1517 4589 1640 4690 sigilla
1664 4599 1820 4666 nostrum
1847 4602 1885 4666 et

201 4691 349 4797 capituli
375 4689 473 4768 dicte
499 4705 621 4769 nostre
646 4693 781 4770 Wrat.
809 4694 974 4772 ecclesie
1006 4706 1089 4772 suut
1114 4719 1277 4796 appensa
1309 4693 1508 4770 testimonio
1534 4693 1729 4788 literarum,
1764 4692 1886 4770 datum

202 4811 239 4875 et
264 4809 382 4873 actum
407 4795 562 4888 Wrat.,
596 4795 716 4875 ultima
742 4795 802 4875 die
835 4797 968 4875 mensis
994 4797 1232 4892 Novembris,
1266 4823 1358 4874 anno
1390 4796 1520 4875 domiui
1553 4797 1738 4876 millesimo
1765 4795 1882 4878 000.

201 4899 494 5002 quinquagesimtt
520 4909 663 4976 octavo.

1559 5121 1628 5188 4„
