4594 5774
735 599 742 606 .
796 535 1006 610 Urlonrlcrr.
1058 531 1307 606 OEHXIK
1426 576 1432 604 ι
1657 596 1663 606 .
1817 533 1893 612 bot

206 767 255 822 eo
271 739 453 821 hol-u
477 753 516 820 et
540 763 795 820 accensorum
818 733 1020 816 bostrorum
1043 739 1127 816 vioe
1153 747 1193 814 et
1216 739 1373 832 nomine,
1400 761 1524 814 omnes
1548 744 1588 816 et
1611 737 1776 840 iugulos
1802 765 1893 819 cen·

206 871 285 942 u,
307 844 488 939 redditus,
514 845 664 934 iruotrrs,
693 856 730 921 et
754 845 1002 920 obrenoioues
1015 863 1251 943 quaecunque
1273 843 1312 918 in
1333 840 1447 944 opido
1462 841 1676 920 Wannow
1702 856 1739 921 et
1762 848 1797 921 iu
1825 875 1893 920 am

227 957 236 978 ⁸
330 951 551 1027 Waunerr
574 948 753 1052 dyocesis
778 948 918 1024 Wra-t.
941 971 991 1024 ac
1014 945 1219 1023 theloneum
1254 971 1305 1022 ac·
1324 946 1515 1024 eervibirrm
1535 943 1759 1024 dextr-ariole
1778 975 1908 1052 super,

304 1055 413 1130 onia
450 1051 641 1130 luerefflali
670 1051 802 1129 ibidem
834 1053 871 1126 iu
903 1051 1117 1127 wanno-w
1137 1061 1187 1126 vet
1217 1051 1363 1151 ponitus
1392 1075 1440 1128 ao
1472 1050 1681 1152 simpliciter
1710 1061 1833 1128 onmia
1854 1067 1895 1130 et

205 1165 355 1258 agdo
365 1163 462 1254 juro
479 1161 649 1248 deontia,
665 1183 842 1255 supremo
862 1153 900 1230 et
916 1159 1057 1253 insuam
1084 1154 1227 1230 srx'dloet
1252 1155 1436 1253 angariae,
1463 1155 1712 1254 pe'mugaritw,
1738 1157 1892 1257 peticio·

205 1285 291 1352 nee,
316 1263 559 1352 munros,
594 1259 708 1350 dena,
733 1271 918 1350 araturas,
944 1261 1133 1349 vecturas,
1170 1259 1357 1349 stocioues
1383 1269 1421 1334 et
1445 1259 1520 1334 alia
1543 1281 1775 1360 quecumque,
1802 1284 1892 1360 quoc-
1924 1321 1933 1352 ¹.

206 1387 356 1466 me
374 1371 448 1442 'reu
475 1365 743 1464 quibuscunque
768 1363 964 1438 nominibus
986 1363 1212 1462 specialibus
1228 1373 1506 1464 nuncupentur,
1533 1362 1641 1438 uiebll
1658 1361 1892 1439 excludendo

205 1469 360 1648 ἰὼ,
373 1493 457 1546 oreo
483 1466 617 1567 aliquid
643 1491 706 1568 pro
732 1467 836 1542 uobis
862 1466 924 1569 vel
946 1465 1388 1542 mulsoueoesnoutus
1407 1467 1504 1566 juris
1518 1478 1561 1544 et
1575 1467 1804 1568 proprietatis
1829 1467 1893 1560 rel

253 1572 348 1648 rniuii
373 1569 597 1648 reservando
624 1585 661 1646 et
688 1570 885 1645 nominatim
905 1567 1080 1670 judicium
1104 1569 1325 1672 provinciale
1360 1581 1398 1646 et
1423 1595 1622 1671 supremum
1641 1569 1817 1670 judicto-
1840 1567 1892 1650 ul

206 1677 349 1753 membri
375 1675 635 1752 mutilaciouem
659 1674 720 1750 vel
747 1671 796 1748 ad
823 1674 953 1775 capitis
979 1675 1266 1750 tnrnocacionem
1292 1699 1335 1750 se
1362 1671 1566 1751 extendeus
1591 1675 1626 1749 iu
1645 1671 1890 1758 dicto.Wan-

206 1805 316 1872 now,
333 1779 443 1868 villis,
471 1776 671 1853 attaminet
689 1776 910 1870 molendinis
938 1777 1083 1853 seilicet
1100 1785 1246 1876 antiquo
1264 1777 1478 1853 Wanzow
1495 1776 1670 1880 predicto,
1698 1779 1890 1880 Woycz-

207 1882 368 1984 dorph‚
402 1883 670 1983 Biscupicz,
702 1880 921 1983 Knysioz,
955 1879 1265 1984 Sporowiez¹)
1298 1905 1345 1957 ac
1371 1882 1541 1957 universa
1567 1891 1604 1958 et
1630 1881 1788 1982 singula,
1821 1907 1890 1982 que

207 1985 256 2062 ad
281 1987 456 2088 proprium
482 1987 598 2086 ipsius
623 1985 839 2062 Wanzow
870 1983 1047 2087 pertinent
1081 1998 1117 2060 et
1146 1986 1387 2086 pertinuenrnt
1419 1986 1465 2060 ab
1492 1986 1633 2085 antiqno
1666 1999 1704 2061 et
1727 1997 1831 2087 prout
1855 1987 1890 2060 in

186 2092 285 2166 mie
308 2091 416 2166 metis
440 2100 479 2165 ot
504 2089 676 2188 grauioiie
700 2113 728 2164 a
746 2090 871 2188 longis
894 2089 1085 2165 termetis
1111 2089 1326 2190 tenporibus
1354 2101 1435 2162 sunt
1457 2087 1632 2165 distinete
1654 2090 1890 2192 etsinrpllei·

206 2207 263 2271 ter
288 2217 367 2270 cum
393 2193 485 2269 omui
510 2193 680 2285 utilitate,
718 2217 788 2296 que
814 2217 863 2268 ex
894 2205 989 2270 terre
1021 2189 1154 2268 abditis
1180 2191 1240 2268 vel
1274 2189 1500 2269 evidentibus
1531 2205 1796 2302 superterram
1822 2217 1889 2294 po-

205 2309 282 2376 test
305 2295 365 2374 rel
390 2299 520 2398 poterit
543 2297 732 2398 provenire
758 2321 804 2374 ac
829 2321 876 2374 eo
896 2300 994 2394 jure,
1014 2293 1288 2396 jurisdiccioue,
1314 2297 1532 2396 proprietate
1558 2309 1595 2379 et
1619 2294 1785 2388 dominio,
1810 2294 1890 2397 qui·-

206 2404 275 2478 bus
299 2425 347 2478 ea
372 2426 439 2476 uos
465 2412 503 2477 et
527 2401 639 2477 nostri
664 2400 914 2502 progenitores
941 2424 1005 2500 pro
1032 2401 1112 2474 sois
1135 2398 1532 2493 usibusvendicabant,
1558 2401 1647 2477 licet
1664 2403 1735 2476 sint
1753 2414 1790 2478 et
1806 2401 1889 2478 suc·

206 2507 275 2579 rint
306 2505 351 2579 ab
384 2504 527 2606 antiquo
558 2504 672 2605 ipsius
693 2503 868 2581 ecclesie
899 2503 1007 2604 pleno
1026 2507 1129 2604 jure,
1163 2528 1232 2602 que
1260 2507 1346 2606 jura
1378 2516 1416 2582 et
1448 2503 1587 2580 fructus
1616 2515 1784 2608 protacta
1806 2506 1890 2607 ipsa
1990 2597 1993 2604 Ι

206 2602 342 2708 qut.
370 2607 534 2685 ecclesia
558 2599 663 2708 lrug'e
694 2607 840 2707 nraJon‘r
867 2603 1117 2682 corrmoditatis
1148 2629 1194 2683 ao
1221 2605 1324 2706 pacis
1350 2633 1374 2680 a
1399 2607 1652 2684 Ilriczcone
1678 2607 1888 2690 Talwicz
1926 2657 1929 2665 ι
1958 2612 1962 2618 '
1998 2650 2002 2659 ·

206 2713 354 2812 suisque
388 2709 556 2786 fratribus
582 2716 685 2812 justo
717 2711 913 2812 empciouis
947 2709 1156 2812 conparavit
1187 2709 1318 2812 tybrlo‚
1352 2733 1401 2785 cx
1433 2737 1542 2804 nunc,
1575 2712 1608 2786 si
1641 2711 1675 2787 iu
1702 2709 1889 2814 premissis

204 2813 265 2891 vel
290 2819 540 2918 premissorum
567 2815 725 2915 quolibet
749 2813 852 2890 uobis
879 2811 1056 2916 quidpiam
1077 2817 1153 2914 jus,
1175 2809 1607 2918 jurisdiciu,'proprietas
1624 2815 1683 2892 vel
1703 2813 1890 2894 dominium

206 2919 375 3022 conpetit,
402 2918 582 3020 conpeciit
608 2943 674 2994 seu
701 2931 829 3020 posset
855 2929 1050 3022 conpetere
1075 2917 1110 2991 in
1136 2913 1297 3010 loturum,
1317 2913 1364 2992 de
1390 2939 1487 2993 mere
1513 2917 1738 2994 liberalitatis
1752 2920 1888 2994 monili-

206 3021 336 3100 oencia
366 3033 558 3098 memorate
583 3021 720 3096 Wrot.
757 3021 920 3099 ecclesie
953 3032 989 3096 et
1026 3021 1096 3122 ipsi
1128 3017 1221 3095 dom.
1252 3019 1476 3098 Preozlao
1510 3022 1684 3122 episcopo
1724 3019 1888 3122 ejusdem

206 3127 352 3226 suisque
380 3126 658 3202 successoribus
683 3125 821 3200 nomine
838 3124 953 3228 ipsius
974 3123 1137 3202 ecclesie
1155 3118 1293 3217 damus,
1321 3118 1505 3216 donamus,
1532 3118 1703 3200 tradimus
1730 3151 1776 3202 ac
1802 3151 1888 3229 per·

204 3241 313 3332 petue
338 3230 568 3332 presentibus
594 3227 878 3304 irrevocabiliter
902 3229 1139 3328 resignamus,
1168 3227 1223 3303 sic
1249 3223 1343 3328 quod
1361 3227 1443 3330 ipsa
1461 3225 1626 3304 ecclesia
1644 3239 1680 3304 et
1698 3233 1780 3329 ejus
1824 3255 1888 3304 ou-

180 3333 323 3423 ,finces
348 3330 586 3436 predictorum
613 3332 760 3407 ornuiuru
788 3341 825 3408 et
850 3331 1066 3432 singulorum
1092 3330 1278 3432 gaudeant
1297 3331 1506 3433 plenissima
1531 3329 1708 3424 libertate,
1735 3256 1888 3410 niciilo-
1913 3353 1916 3364 ¹

205 3435 317 3514 miuus
342 3437 517 3539 prelatum
544 3432 684 3538 opidum
709 3435 928 3512 Wannow
954 3462 1032 3514 curn
1058 3436 1260 3512 memoratis
1285 3435 1393 3526 villis,
1421 3431 1577 3532 allodiis,
1604 3433 1815 3512 molendinis
1842 3461 1888 3514 ac

205 3541 365 3618 omuibus
391 3539 640 3642 pertinenciis,
670 3551 708 3614 ut
732 3539 925 3642 prefertur,
952 3552 1055 3642 prout
1081 3539 1457 3616 oircrrmlerencialiter
1482 3540 1516 3613 in
1543 3539 1620 3614 suis
1646 3539 1802 3632 terminis
1830 3537 1887 3616 di-

206 3645 429 3745 stinguuntur
443 3645 480 3736 ¹),
509 3673 533 3717 a
552 3647 723 3718 districto
741 3657 926 3718 terrorum
945 3657 1151 3718 nostrorum
1170 3651 1316 3742 penitus
1333 3657 1553 3744 separantes
1577 3641 1887 3746 relinquentesque

241 3830 284 3966 ·l)
313 3883 502 3960 Wansen,
524 3881 623 3962 sudo,
645 3834 930 3962 nltssWansen,
954 3881 1174 3973 Weigwitz,
1195 3879 1423 3959 Riochwitz‚
1446 3881 1736 3964 Knieschwitz,
1764 3881 1889 3973 Spor-

311 3969 414 4046 wilz,
441 3964 573 4046 Ddrler,
602 3963 778 4032 simmtlich
800 3967 832 4032 in
855 3967 912 4032 der
932 3967 1023 4032 N'a‘be
1044 3989 1099 4030 um
1120 3966 1276 4030 Wansen.
1340 3967 1451 4031 Dieeer
1471 3965 1584 4032 Bezirlt
1604 3965 1737 4057 gehb'rte
1759 3965 1887 4047 damah,

311 4054 371 4119 trie
392 4051 458 4120 sich
483 4051 553 4116 bier
574 4051 665 4142 zeigt,
686 4051 745 4116 mit
765 4049 913 4116 Strehlen
936 4073 1008 4116 aum
1030 4049 1359 4141 Minoterbergirclren
1380 4050 1631 4118 Fiimtenthnmc.

248 4163 284 4240 tl)
311 4151 376 4219 nul
393 4154 467 4219 sehr·
488 4150 635 4217 'a'lrnlicbe
656 4153 767 4216 Weise
788 4153 999 4218 verniclrteten
1021 4170 1073 4216 om
1096 4153 1146 4216 ll.
1168 4151 1234 4215 und
1257 4151 1306 4216 12.
1331 4153 1355 4215 Α
1379 4151 1422 4216 ril
1444 4151 1528 4218 1352
1554 4152 1650 4217 dieH
1708 4159 1715 4172 '
1747 4153 1888 4218 eWen-

311 4239 447 4305 czeelaus
468 4237 535 4302 und
556 4237 665 4302 Ludwi
708 4259 771 4302 von
792 4237 827 4300 Li
890 4240 941 4314 itz,
963 4237 1063 4302 demit
1084 4237 1135 4300 ihr
1155 4237 1252 4301 Veter
1265 4175 1424 4302 Boleslius
1445 4259 1507 4302 von
1529 4238 1621 4329 Brieg
1641 4235 1714 4322 (wel
1756 4236 1886 4304 enbald

313 4323 428 4388 derml
445 4323 497 4389 23.
506 4322 597 4414 April
620 4327 635 4387 1
681 4259 1032 4409 ostarbsllsolution
1054 4321 1187 4386 erhielte
1206 4343 1268 4387 von
1290 4321 1533 4387 verschiedeoen
1547 4321 1810 4388 Kircheustralen
1832 4324 1886 4389 des

313 4409 436 4472 hones
457 4409 601 4510 und'dee
621 4407 802 4508 interdicto,
814 4405 942 4508 'welche
963 4409 1026 4507 seit.
1042 4406 1152 4498 longer
1172 4407 1243 4472 Zcit
1262 4406 1343 4508 iiber
1364 4405 1592 4557 ll⁰.i“h³¹¹pt¹
1612 4405 1743 4508 wordepr
1763 4429 1885 4508 werep:

311 4489 874 4643 tssltl⁶bl⁸plt⁵o⁶lrttlt¹tt⁵
888 4491 1451 4654 lllbttctvltfltbltl?
1469 4493 1886 4646 cccccccccc

313 4661 377 4728 aive
398 4661 475 4726 Osse
521 4710 529 4740 ,
558 4665 592 4727 in
613 4663 820 4742 Nomenniuo,
842 4663 876 4727 in
898 4663 1159 4743 Groozossowitn
1186 4663 1220 4726 in
1240 4659 1415 4728 laulowita
1436 4661 1613 4728 Olauiensis
1634 4675 1666 4730 et
1687 4663 1721 4727 iu
1741 4663 1886 4732 Pramsiu

312 4747 476 4839 bregensis
498 4746 710 4828 districtuum,
743 4747 937 4812 nonmelrro:
972 4749 1059 4813 omni
1081 4749 1140 4831 juri
1163 4747 1359 4813 et·dominio
1380 4744 1500 4813 directi)
1515 4759 1547 4813 et
1560 4747 1716 4814 indirecto
1737 4768 1776 4816 ac
1797 4752 1885 4817 omni

314 4831 535 4918 jurisdictioni,
556 4831 623 4895 und
644 4834 828 4920 trateuder
848 4833 968 4898 Kirobe
990 4833 1030 4898 ab
1052 4833 1119 4896 und
1139 4831 1218 4897 iiber
1241 4832 1322 4898 obeo
1345 4829 1410 4897 ihr:
1433 4855 1528 4898 omne
1550 4836 1595 4916 jus
1617 4843 1649 4898 et
1693 4831 1801 4900 lenum
1822 4832 1884 4902 do·

313 4918 448 4982 minium
469 4917 503 4980 in
523 4915 617 4982 bonis
636 4915 827 5006 praelibatis.
869 4921 931 4983 Am
944 4919 975 4983 7.
991 4916 1204 4982 Decembcrl
1250 4913 1449 4984 icrllllrtem
1470 4917 1639 5001 diesclben,
1661 4855 1731 4984 dass
1752 4919 1803 4985 dic
1825 4944 1883 5012 ge-

314 5013 455 5068 nannten
476 4997 631 5067 blltirler
643 5023 705 5067 oon
719 5002 811 5069 ibren
827 5002 1004 5070 Versabrcn
1019 5004 1135 5071 benite
1156 5003 1214 5069 der·
1228 5002 1348 5076 Kirobe
1362 5003 1421 5070 mit
1434 4997 1518 5070 allen
1533 5003 1718 5087 Freibciten‚
1740 5005 1882 5071 Recbten

1563 5104 1631 5173 uo*
