4594 5774
703 594 708 607 q
775 517 987 593 ormnem
1043 513 1323 592 OEBXXXW.
1821 519 1899 600 did

207 723 291 800 orie
316 723 428 800 omnir
455 722 606 815 lactent,
632 742 702 822 qve
721 725 833 822 juta
848 720 1042 824 privilegio
1066 731 1104 798 et
1130 718 1414 799 consuetudines
1439 722 1541 824 regni
1568 731 1606 800 et
1624 745 1758 802 corone
1775 725 1900 804 Boe-

207 827 291 904 ruie
317 827 444 906 lacere
470 828 693 917 tenebuntur,
728 826 850 917 berna,
884 825 995 902 talliis
1022 847 1088 902 seu
1116 825 1377 902 macionibus
1402 845 1449 902 ac
1476 826 1610 903 ceteris
1636 830 1900 927 gravaminibus

209 932 397 1032 exceptis,
430 929 481 1006 ad
506 925 598 1030 quas
624 940 663 1004 et
687 951 756 1028 que
782 929 885 1032 ipsos
913 929 1246 1030 recongnoseiruus.
1267 951 1337 1004 nou
1363 929 1494 1022 teucri,
1530 928 1697 1030 quodque
1721 935 1901 1033 premissa
1957 949 1959 958 ’

208 1034 345 1112 cuent
371 1035 490 1112 tocies
516 1031 666 1134 quocies
684 1053 832 1108 casuum
850 1032 1083 1108 mutabilitate
1108 1043 1288 1133 poscente
1312 1033 1347 1107 iu
1373 1043 1486 1108 morte
1511 1034 1806 1132 regisBoemie
1833 1061 1899 1114 seu

207 1137 351 1214 Wrat
380 1138 544 1238 episcopi
576 1136 684 1212 luerit
709 1146 914 1236 oportunum
929 1131 970 1225 ¹).
1028 1135 1273 1237 Quapropter,
1307 1133 1540 1212 considerata
1565 1135 1657 1229 lide,
1691 1137 1899 1240 promptitu-

207 1239 293 1318 dine
319 1252 357 1318 ct
373 1243 518 1318 sincere
536 1237 748 1316 devocionis
765 1239 910 1331 ersom,
937 1240 1066 1338 quibus
1082 1235 1257 1316 antedicti
1274 1239 1472 1340 opiscopus
1491 1252 1529 1317 et
1546 1261 1594 1318 ea
1617 1241 1739 1316 ltulum
1756 1243 1898 1320 Wret

209 1345 384 1437 ecclesie,
411 1343 536 1421 devoti
558 1343 670 1420 nostri
687 1339 824 1434 dilecti,
851 1366 929 1432 nos,
957 1366 1103 1442 reguum
1129 1355 1168 1418 ct
1185 1367 1351 1420 coronam
1369 1345 1551 1420 Boemie
1604 1356 1714 1420 cvota
1739 1356 1776 1421 et
1801 1345 1900 1424 fideli

207 1459 326 1526 mente
352 1461 534 1536 notarunt,
569 1445 725 1522 debitum
759 1471 860 1520 suurn
885 1447 920 1520 in
946 1446 1133 1546 premissis
1167 1456 1238 1520 tarn
1264 1446 1300 1522 iu
1326 1447 1543 1547 temporibus
1569 1448 1700 1547 prefati
1726 1449 1900 1548 genitoris

208 1552 319 1628 nostri
346 1563 384 1627 et
408 1551 542 1628 uostris
567 1559 728 1650 prompte
758 1546 970 1625 devocionis
997 1546 1116 1624 studio
1142 1546 1299 1625 fideliter
1330 1559 1575 1649 exequentes,
1610 1551 1724 1626 auimo
1757 1549 1899 1629 delibe-

207 1665 298 1749 reto,
325 1679 392 1730 nou
420 1679 487 1755 per
511 1675 665 1728 errorem
692 1661 754 1728 aut
779 1649 976 1751 improvide
1003 1649 1073 1728 sed
1098 1671 1188 1737 sepo
1214 1652 1421 1753 principum,
1455 1655 1622 1730 baronum
1649 1665 1687 1729 et
1712 1678 1899 1754 procerum

206 1771 404 1836 noseorum
429 1753 643 1832 accedente
677 1755 847 1846 consilio,
879 1755 1093 1831 auctoritate
1126 1755 1230 1854 regia
1255 1756 1453 1846 Reontio,
1486 1780 1533 1832 ac
1566 1755 1614 1832 de
1649 1767 1752 1834 certa
1776 1771 1902 1834 nostra

208 1861 384 1951 sciencia,
407 1858 540 1936 dictur'u
558 1856 700 1960 opidum
718 1857 938 1934 Grotlrow
956 1883 1034 1934 cnm
1053 1869 1160 1950 terra,
1180 1855 1355 1950 districtu,
1381 1858 1649 1952 municionibus,
1676 1861 1793 1954 ruetis,
1812 1857 1901 1960 gra-

208 1965 326 2056 nieiis,
355 1961 518 2040 dominiis
544 1972 582 2038 et
608 1961 769 2036 omnibus
795 1960 1027 2062 pertinenciis
1053 1961 1143 2054 suis,
1169 1961 1438 2061 quibuscunque
1464 1963 1686 2062 specialibus
1711 1965 1900 2040 vocabulis

208 2067 394 2167 designari
420 2066 585 2158 valeant,
617 2064 689 2165 ipsi
715 2065 909 2166 episeopo,
946 2065 1103 2167 capitulo
1130 2076 1168 2142 et
1193 2065 1333 2140 Wrat.
1366 2064 1530 2142 ecclesie
1556 2065 1810 2166 imperpetuum
1842 2068 1899 2144 iu-

208 2193 451 2271 corporamus,
477 2169 738 2246 invisceramus
765 2179 803 2244 et
827 2169 1115 2270 inseparabiliter
1140 2169 1325 2269 perpetuis
1351 2178 1420 2244 tem
1447 2167 1567 2244 oribus
1594 2170 1796 2264 counimus,
1829 2170 1899 2248 dc·

208 2285 400 2351 cernentes
435 2283 473 2349 et
503 2271 574 2348 boc
606 2272 708 2372 regio
740 2272 919 2348 boemie
950 2281 1124 2372 perpetuo
1157 2281 1362 2348 statuentes
1394 2195 1535 2361 edicto,
1572 2269 1667 2370 quod
1693 2299 1762 2349 nou
1787 2275 1900 2352 liceat

123 2386 128 2400 “
207 2378 383 2480 episeopo
409 2388 447 2452 et
473 2375 631 2479 capitulo
657 2373 796 2449 Wrat.
824 2376 976 2476 prelatis
1003 2399 1071 2450 seu
1096 2373 1377 2450 successoribus
1404 2397 1536 2466 eorum,
1564 2375 1624 2474 qui
1648 2399 1714 2477 pro
1739 2389 1899 2480 ternpore

207 2480 348 2573 luerint,
386 2479 516 2556 dictum
543 2475 685 2580 opidum
711 2476 927 2556 Grotkow
962 2488 1000 2554 et
1025 2481 1108 2578 ejus
1133 2478 1377 2578 pertinencias
1402 2479 1621 2580 premissas,
1654 2480 1689 2554 iu
1723 2491 1799 2556 toto
1832 2503 1898 2560 seu

207 2585 242 2659 iu
268 2595 385 2685 parte,¹
411 2584 538 2683 quavis
564 2583 680 2658 eciam
706 2606 832 2675 causa,
858 2593 1026 2684 pretextu
1045 2605 1115 2656 seu
1139 2581 1337 2658 occasione
1364 2582 1526 2680 quesitis,
1554 2581 1728 2676 vendere,
1754 2607 1898 2686 permu-

207 2699 305 2779 tare,
340 2686 476 2764 donare
509 2711 575 2763 seu
611 2687 738 2785 quovis
772 2685 844 2762 alio
870 2687 971 2762 titulo
997 2685 1175 2776 alienare,
1209 2707 1289 2758 uam
1315 2684 1348 2760 si
1375 2682 1555 2760 adversus
1581 2688 1694 2762 nostri
1718 2689 1900 2788 presentis

207 2789 367 2882 decreti,
402 2789 526 2866 statuti
553 2800 591 2866 et
615 2789 840 2866 inbibiciorris
866 2790 996 2866 seriem
1023 2785 1211 2888 quidquam
1238 2787 1440 2888 attemptari
1473 2789 1680 2887 contigerit,
1714 2791 1786 2869 hoc
1817 2793 1899 2894 ipso

205 2893 306 2972 iacto
332 2894 547 2970 auctoritate
573 2893 676 2993 regia
700 2893 845 2994 prelata
870 2915 1013 2969 exnunc
1038 2900 1141 2992 prout
1165 2900 1299 2966 extunc
1323 2889 1550 2968 decernimus
1567 2893 1698 2966 irritum
1719 2907 1757 2970 et
1779 2898 1898 2986 iuoue,

208 2999 453 3100 promittentes
478 2997 726 3072 nichilominus
751 2998 944 3096 pronubis
970 3007 1144 3094 tamquam
1171 3013 1262 3091 rege
1286 2993 1485 3085 Bocmic,
1520 2993 1714 3070 heredibus
1746 3007 1784 3072 et
1809 3021 1898 3074 suc·

209 3102 421 3180 sessoribus
446 3099 591 3192 uostris,
618 3099 765 3198 regibus
791 3099 970 3176 Boemic
992 3109 1030 3174 et
1055 3091 1220 3196 ejusdem
1246 3095 1349 3196 regni
1375 3117 1510 3172 corona
1533 3096 1787 3197 imperpetuum
1813 3123 1899 3200 pre-

207 3205 296 3281 latis
323 3207 509 3305 episcopo,
538 3201 696 3303 capitulo
722 3201 861 3277 Wrat.
891 3200 1055 3279 ecclesie
1081 3211 1118 3276 ct
1143 3201 1424 3277 successoribus
1449 3199 1616 3300 ipsorum,
1646 3199 1741 3298 quod
1768 3223 1835 3276 eos
1862 3214 1900 3278 et

157 3345 161 3352 ·
209 3309 408 3406 ecelesiam
433 3304 631 3408 predictam
658 3315 784 3381 contra
808 3327 932 3382 omnes
958 3301 1187 3402 etsingolos
1208 3325 1333 3402 reges,
1359 3301 1488 3394 duces,
1515 3303 1718 3395 invasores,
1745 3325 1899 3405 oppres·

209 3435 315 3488 sores
343 3425 380 3488 et
404 3411 660 3486 molestatores
693 3431 813 3485 eorum
839 3432 978 3485 uccuon
1012 3407 1179 3483 bonorum
1205 3405 1345 3482 Wrat.
1381 3405 1544 3483 ecclesie
1577 3417 1752 3506 tamquam
1783 3405 1899 3484 domi·

207 3541 276 3592 nus
303 3527 341 3590 et
366 3525 537 3615 patronus
563 3535 683 3590 eorum
709 3513 881 3588 tuebimur
907 3523 945 3588 et
969 3533 1033 3613 pro
1058 3511 1194 3585 viribus
1220 3507 1471 3587 defendemus.
1532 3509 1634 3583 Nulli
1669 3533 1757 3610 ergo
1783 3511 1898 3586 lromi-

207 3643 287 3694 num
313 3619 425 3693 liceat
450 3617 546 3692 hanc
572 3625 695 3692 nostre
720 3614 997 3708 inleudaciouis,
1029 3611 1347 3714 incorporaciouis,
1379 3613 1689 3706 invisceraciouis,
1724 3615 1899 3691 unicionis

209 3721 350 3798 decreti
384 3731 422 3796 et
454 3719 679 3795 inbibicionis
713 3742 760 3796 ac
790 3717 1036 3822 promissionis
1069 3718 1237 3818 pagiuam
1268 3717 1463 3816 infringere
1493 3739 1559 3791 seu
1594 3716 1628 3791 ei
1654 3742 1745 3792 ausu
1771 3719 1899 3818 quovis

209 3825 399 3902 temerario
417 3821 607 3902 contraire.
636 3821 785 3922 Signum
811 3821 1033 3900 serenissimi
1049 3821 1221 3924 principis
1241 3831 1278 3896 et
1294 3818 1425 3895 domini
1442 3813 1572 3894 domini
1586 3813 1747 3896 Karoli
1771 3821 1898 3918 quarti,

209 3928 497 4005 Romanorum
524 3927 746 4026 imperatoris
771 3928 996 4006 invictissimi
1022 3937 1060 4002 ct
1084 3923 1335 4024 gloriosissimi
1360 3923 1540 3999 Boemie
1567 3923 1722 4022 regis2).
1759 3924 1898 4000 Testes

209 4031 317 4131 hujus
344 4031 396 4108 rei
424 4041 507 4104 suut
531 4030 761 4106 venerabiles
785 4032 1016 4106 Arnestus
1043 4054 1074 4103 ι.
1101 4027 1357 4126 Pragcnais
1389 4025 1553 4104 ecclesie
1568 4072 1571 4090 ι
1586 4021 1898 4127 archiepiscopus,

207 4135 442 4212 Johaunes
470 4131 805 4224 Olonruoeusis,
832 4135 1053 4209 Albertus
1079 4129 1388 4207 Swerineusis
1413 4141 1452 4206 et
1477 4128 1898 4228 Theodricuslllin-

207 4235 618 4314 densisecclesiarum
634 4236 809 4338 episcopi,
828 4237 988 4312 illustres
1003 4228 1275 4310 Willrclmus
1292 4233 1899 4325 marchtoutisnensis‚ltolkn

208 4339 597 4432 vaidniezeusis,
631 4337 866 4418 Conradus
892 4337 1268 4429 Olesniozeusis,
1301 4337 1647 4414 Weuczeslaus
1682 4347 1720 4413 ct
1744 4333 1899 4411 Ludo-

208 4446 358 4523 wicus
384 4445 743 4542 Ligniczenscs,
769 4442 1093 4544 Przcmyslaus
1120 4437 1480 4534 Tcschinerrsis,
1508 4441 1654 4516 Bolko
1679 4439 1899 4542 Opulieu-

209 4548 277 4624 sis
304 4557 342 4623 et
367 4545 981 4646 BolkoUF'alkembcrgensis
1008 4541 1136 4635 duces,
1171 4544 1396 4644 spectabiles
1429 4542 1721 4619 Bnrchardus
1755 4555 1794 4620 et
1817 4544 1900 4620 Jo-

207 4651 385 4728 bsnues
412 4651 592 4749 burgravii
617 4649 1063 4750 Magdebrrrgeuses,
1096 4645 1248 4770 comites
1281 4670 1328 4723 ac
1354 4647 1494 4722 nobiles
1520 4645 1690 4722 Sbiuco
1722 4644 1771 4722 de
1804 4647 1900 4752 Ha·-

253 4893 286 4970 l)
315 4885 472 4953 Uriunde
494 4886 550 4950 des
571 4885 712 4952 bischele
733 4885 905 4953 Preeislaus
927 4910 999 4951 vom
1020 4884 1072 4950 29.
1094 4886 1175 4951 Nou.
1192 4883 1284 4968 1358,
1305 4885 1345 4951 N.
1367 4883 1500 4950 ccelv.

254 4977 288 5060 ὓ)
316 4971 445 5037 Hierbei
467 4971 550 5037 steht
578 4972 634 5037 das
655 4971 879 5067 Monogrumm
901 4971 1017 5036 Ksiscr
1038 4969 1135 5036 Karls
1155 4969 1209 5037 IV.
