4594 5774
751 519 983 594 umnam
1021 508 1157 590 ccxc.
1185 515 1373 590 ocra.
1816 513 1890 592 tor
2041 461 2046 476 ’

206 727 446 806 lnmtlroono
472 725 664 828 capellano
682 721 819 800 domini
882 728 885 736 '
979 721 1015 744 '⁶
1035 717 1320 799 Galisien-sis
1344 713 1544 820 supradicti
1568 717 1768 795 et‘l'aulu
1784 717 1894 796 fami·-

166 867 170 876 ·
206 833 288 910 lieri
313 830 402 908 dicti
425 828 557 906 domini
575 827 783 930 'Nicola'y
807 825 856 904 tle
923 822 1205 903 chellindorf
1225 823 1379 899 testibus
1405 819 1454 898 ad
1479 821 1668 922 prmissa

308 935 365 1012 lllt
390 957 462 1035 ego
487 932 824 1010 Weueuesluus
850 928 1108 1034 Sisy-neonis
1134 925 1183 1004 rle
1200 926 1364 1018 holon,
1382 925 1549 1002 'clericus
1577 923 1893 1004 Olomncsusirt
1932 947 2039 1014 (siguo

208 1037 405 1144 dyocesis,
438 1038 606 1140 publicos
636 1036 851 1112 anctoritate
876 1033 1049 1136 imperiali
1074 1032 1252 1123 munus,
1284 1029 1459 1133 predictis
1486 1029 1647 1105 omnibus
1679 1041 1716 1105 et
1741 1029 1894 1132 s'mrgrrlin
1910 1015 2062 1074 “⁰²³³

207 1141 291 1220 dnm
330 1144 387 1221 sic
418 1149 611 1242 agerentur
644 1151 683 1216 et
713 1140 841 1216 fierent
876 1163 950 1213 nna
980 1162 1059 1214 cum
1091 1135 1344 1238 prorumpatis
1362 1134 1532 1210 'testibus
1562 1155 1721 1235 presens
1751 1134 1893 1212 interliri

208 1271 326 1348 saque
351 1258 500 1346 rogetus
526 1243 729 1346 conscripsi
760 1253 799 1320 ct
823 1242 858 1317 in
885 1241 980 1318 nam
1011 1239 1157 1316 formam
1190 1239 1369 1342 publicam
1400 1235 1540 1338 redegi.
1555 1237 1731 1338 signoque
1761 1251 1800 1315 et
1825 1263 1893 1315 no·

209 1351 301 1430 mine
326 1351 417 1428 meis
442 1347 628 1426 consuetis¹
655 1347 857 1449 conscripsi
881 1346 917 1452 in
941 1345 1177 1422 testimouium
1204 1344 1352 1420 omnium
1377 1340 1639 1445 premissorum.

851 1629 1254 1642 *ιο-*ιι-

959 1838 1158 1930 GOXGI.

210 2059 553 2133 immurmurant
575 2060 665 2122 turcl
686 2058 814 2120 romu
836 2059 888 2118 ω
909 2055 1063 2120 troilum
1084 2055 1263 2132 numito
1284 2053 1447 2118 tonuerit
1468 2054 1600 2128 orthollt,
1620 2067 1654 2116 or
1675 2065 1726 2116 ror
1747 2054 1811 2116 ton
1832 2050 1897 2116 lor·

252 2177 325 2238 ιιςο
344 2162 433 2224 lolko
454 2175 510 2224 ιιι
531 2161 723 2224 ὴιιοίωῑι
744 2161 816 2222 tter
829 2159 1025 2234 lemnum
1046 2159 1098 2220 tor
1119 2159 1219 2220 ermon
1240 2157 1510 2220 inruentium·
1532 2155 1856 2232 renunculorum

810 2329 813 2334 ,
913 2275 950 2322 ιι
971 2259 1193 2336 ιιοιιίοηιςιι
1767 2275 1771 2284 ·

632 2419 691 2466 Aur
709 2417 766 2465 dem
785 2413 917 2480 originale
936 2416 969 2462 im
986 2409 1103 2463 Arentes
1121 2407 1420 2478 tonussemitonium
1438 2405 1481 2462 12.

315 2586 357 2662 ln
389 2587 527 2664 nomine
560 2585 690 2662 domini
722 2607 837 2661 umen.
890 2581 969 2659 sub
1002 2607 1095 2658 anno
1127 2581 1322 2658 natiuitatis
1353 2579 1521 2682 ejusdem
1554 2577 1702 2661 MGCG
1730 2587 1898 2679 senago·
1948 2587 2046 2682 loto,

213 2691 314 2814 simo,
338 2687 522 2812 indicione
537 2687 733 2814 mk&
751 2687 839 2764 ΧΠ.
866 2686 1001 2763 mensis
1026 2685 1136 2808 Junii,
1162 2685 1253 2762 lrora
1278 2687 1383 2786 quasi
1408 2687 1533 2778 tercia,
1560 2687 1595 2808 ip
1611 2683 1727 2810 'duno
1753 2683 1898 2806 lrpbitas
1926 2661 1968 2780 p·
1985 2668 2055 2720 ³¹¹¹*

213 2817 341 2976 illl
349 2794 376 2976 1¹¹
369 2819 400 2974 l
398 2819 422 2991 ,¹¹
425 2791 824 3000 lllzllilll
836 2790 973 2970 „llll
980 2787 1795 2994 ⁶52‘ellltttlelltttlltlt
1801 2787 1899 2983 ll]

214 3000 344 3078 domini
368 3003 533 3078 Petrus
560 3000 608 3079 de
626 3001 840 3092 Gostiira,
866 2997 1104 3074 Johannes
1130 2995 1178 3074 de
1204 2996 1382 3088 Lubek,
1408 2996 1635 3073 Nicoluns
1660 2993 1898 3071 deschel·

213 3103 423 3206 lindorph
456 3115 582 3181 cantor
614 3103 962 3203 Glogouiensis,
1003 3099 1162 3204 Symon
1195 3099 1243 3177 de
1275 3099 1501 3200 Legnicn,
1541 3098 1810 3202 Dythmarus
1849 3094 1899 3174 de

214 3207 525 3286 llleclrinbach
558 3207 765 3310 prepositus
803 3203 1124 3298 Erlcrdensiu,
1164 3201 1309 3281 Bcldu
1349 3201 1397 3280 tle
1429 3203 1672 3296 Proslrow,
1709 3200 1812 3277 Otto
1844 3198 1898 3276 de

215 3315 412 3402 Brunna,
438 3306 673 3388 lohannes
699 3309 922 3386 Brunouis
949 3320 987 3386 et
1012 3307 1116 3384 Otto
1142 3305 1191 3384 cle
1217 3307 1549 3385 Schntkowicz
1576 3306 1739 3384 canonici
1764 3303 1898 3379 Wra-

216 3416 518 3492 tislanicnses
544 3413 594 3490 ad
619 3439 742 3490 sonum
770 3439 944 3516 campane
970 3437 1067 3489 more
1093 3405 1199 3488 solito
1226 3411 1470 3512 capitulariter
1496 3410 1706 3510 congregati
1733 3409 1824 3486 citra
1836 3432 1897 3484 re-

214 3521 449 3598 uouacionem
473 3519 620 3594 aliorum
646 3536 787 3593 suornm
820 3530 858 3594 et
885 3570 924 3591 ..
960 3515 1106 3618 capituli
1138 3515 1195 3590 sui
1220 3515 1373 3594 Wint„
1394 3538 1441 3592 ao
1473 3515 1689 3615 singularum
1721 3535 1899 3615 persona-

215 3649 290 3700 mm
317 3621 482 3724 ejusdem
507 3622 655 3725 capituli
679 3634 955 3724 procuratomnn,
982 3645 1074 3720 quos
1097 3643 1163 3722 per
1189 3619 1482 3696 constitucionem
1507 3627 1709 3720 presentem
1742 3640 1811 3692 non
1837 3639 1899 3692 rc-
2055 3621 2057 3626 '

71 3783 87 3796 .
215 3739 349 3806 vocant
373 3751 442 3804 nco
467 3723 652 3802 intendunt
677 3725 879 3828 aliqualiter
904 3749 1098 3818 revocare,
1131 3724 1314 3816 lecerunt,
1348 3724 1604 3822 constituerunt
1630 3731 1668 3798 et
1691 3731 1796 3824 prout
1821 3743 1898 3796 me-

214 3831 286 3908 lius
311 3841 500 3934 potnerunt
526 3829 641 3906 eciam
666 3825 871 3906 ordinarunt
895 3829 1125 3908 venerabiles
1152 3839 1190 3904 et
1215 3824 1396 3904 discretos
1421 3829 1537 3920 uiros,
1569 3823 1729 3902 dominos
1755 3823 1795 3898 N
1801 3823 1898 3900 ico·

215 3937 330 4012 laum
366 3931 414 4011 de
443 3933 663 4045 J’anwicn
696 3931 883 4010 meudun
916 3947 955 4009 et
986 3931 1237 4032 Philippum
1271 3929 1568 4022 Marschalci,
1602 3929 1776 4005 absentes
1805 3937 1898 4002 tam·

240 4065 321 4115 uam
345 4047 550 4140 presentes,
577 4045 616 4114 ct
641 4033 816 4112 dominnm
841 4035 1046 4112 Ottoncm
1073 4033 1121 4110 de
1146 4035 1319 4108 Brunna
1344 4031 1540 4134 predictum
1567 4041 1784 4134 presentem,
1810 4052 1899 4105 suos

215 4066 634 4219 llrntislauienses
669 4141 933 4216 concanonicos
967 4149 1004 4216 et
1035 4137 1237 4214 confratres
1267 4161 1314 4213 ac
1345 4133 1581 4212 Nicolaum
1613 4134 1762 4210 Baran
1794 4133 1899 4209 vica-
1955 4137 1985 4180 '·
2034 4185 2038 4192 ·

218 4247 305 4322 rium
332 4257 371 4322 et
396 4245 594 4322 altaristam
621 4243 785 4322 ecclesie
810 4239 952 4318 Wrat.
978 4241 1137 4346 prelato,
1167 4263 1294 4317 omnes
1320 4249 1358 4317 et
1383 4238 1573 4341 ‘quemlibet
1598 4262 1717 4316 eorum
1748 4237 1784 4312 in
1810 4235 1901 4312 soli-

220 4347 301 4426 dum
328 4371 432 4440 suna,
460 4345 607 4452 capituli
632 4347 688 4422 sui
713 4343 1120 4423 Wratislauieusis
1152 4370 1198 4422 ac
1225 4343 1453 4445 singularium
1477 4368 1708 4446 personarum
1734 4334 1900 4441 ejusdem
2057 4336 2060 4346 ’

221 4511 261 4527 ..
290 4451 436 4554 capituli
460 4475 570 4528 veros
596 4462 634 4528 et
657 4449 837 4552 legitimos
860 4459 1115 4552 procuratores
1141 4473 1188 4526 ac
1213 4449 1363 4524 nuncios
1389 4448 1585 4552 speciales,
1612 4443 1661 4522 ad
1687 4451 1900 4548 comparen-

220 4553 303 4634 dum
329 4566 436 4633 etse
467 4551 745 4660 presentandum
778 4579 898 4632 coram
931 4551 1130 4630 reverendo
1162 4553 1198 4627 in
1224 4549 1370 4631 Christo
1403 4563 1505 4656 patre
1532 4549 1624 4626 dom.
1651 4547 1897 4640 Proculae,

220 4657 257 4736 ἃ.
285 4685 339 4762 gr.
373 4656 547 4762 episcopo
571 4651 952 4735 Wratinlaniensi
985 4655 1194 4758 ubicumque
1227 4655 1334 4732 luerit
1367 4667 1570 4759 oportunum
1602 4677 1649 4731 ac
1682 4651 1733 4730 ad
1764 4677 1898 4754 expur-

220 4761 375 4864 gandum
414 4771 452 4839 ct
483 4759 729 4839 excusandum
761 4757 912 4840 eumdem
948 4757 1182 4839 reverendum
1213 4771 1367 4862 patrem,
1390 4757 1584 4836 'dominum
1617 4815 1656 4833 ..
1692 4757 1899 4860 episcopum

221 4861 655 4944 Wratislanienrcm'
681 4876 719 4942 et
744 4891 845 4942 suum
872 4921 910 4941 ..
936 4863 1126 4968 capitulum
1152 4887 1199 4942 uc
1216 4863 1420 4964 singulares
1471 4887 1623 4941 cusonas
1640 4859 1805 4963 ejrusdem
1820 4885 1898 4954 ,ea-

221 4971 323 5076 pimli
347 4967 690 5074 apudmngnilioum
716 4967 1399 5072 principemoluminumliolkonem,
1426 4889 1468 5043 l
1489 4985 1543 5068 gu.
1571 4964 1699 5064 docem
1725 4964 1896 5054 Siccis,

1540 5084 1610 5151 θ’
