4660 5762
263 4123 367 4178 ccvn.

248 4205 378 4334 lillloeedn'r.

252 4719 379 4866 ln.

400 509 479 586 tlt
963 505 1175 578 letamen.
1230 503 1358 576 ccvi.
1386 503 1538 576 cem

402 703 1294 820 pandnaaooedtadpredictuducen,
1324 707 2095 806 mmmm-interamnis

402 845 489 908 m,
516 809 1043 916 otpremissasatissaccione
1069 807 1947 908 condignaetoblatarestituensadgrenin
1973 811 2096 886 asoto

403 911 1737 1015 redimecclenieipsandecetnroinsnisjuribusnongravaret.
1787 911 2096 990 Seditlerndu

404 1049 474 1104 nec
504 1021 635 1098 metris
663 1019 832 1121 precibus
870 1041 940 1094 nec
972 1017 1229 1092 moniciooibns
1272 1017 1537 1116 nequiesceus,
1576 1019 1673 1094 sicut
1703 1017 1804 1120 prins
1834 1017 1888 1090 ita
1918 1027 1958 1092 et
1990 1043 2096 1101 rme,

403 1151 518 1232 ymo
543 1124 691 1224 gravius
716 1123 763 1198 ob
789 1121 905 1222 ipsios
931 1119 1098 1196 ecclesie
1123 1121 1300 1196 nolestiis
1326 1145 1394 1195 non
1420 1119 1577 1196 desistit
1621 1122 1777 1220 Propter
1801 1118 1899 1219 qnod
1923 1144 2005 1212 nos,
2031 1145 2097 1198 se-
2179 1161 2188 1176 ·

405 1233 478 1310 enti
503 1229 648 1304 ioman
673 1225 841 1326 rescripti
865 1225 1078 1325 apostolici,
1111 1222 1264 1300 eundem
1289 1222 1420 1302 doceor
1446 1225 1809 1313 excomunicatum,
1842 1222 1977 1300 mean
2008 1247 2097 1300 vero
2175 1275 2182 1293 .

404 1355 531 1412 terrant
556 1327 748 1408 interdictu
774 1327 853 1404 fure
881 1329 1103 1429 subpositam
1129 1328 1283 1425 singulis
1308 1326 1439 1404 diebus
1465 1326 1653 1404 domitricis
1679 1341 1718 1404 et
1744 1327 1908 1416 festus,
1943 1328 2097 1428 pulsnm

404 1435 589 1536 campania
607 1447 645 1510 et
662 1430 829 1510 candelis
854 1433 1028 1510 accensi·
1054 1455 1170 1530 usqne
1196 1429 1245 1506 od
1270 1431 1568 1508 satisfaccionem
1593 1429 1808 1529 condigna·
1835 1432 1981 1532 publice
2006 1457 2096 1506 nrm·

403 1539 577 1620 movinus
607 1549 645 1614 et
674 1537 882 1612 nunciamus
913 1561 980 1637 per
1011 1545 1120 1610 mum
1152 1536 1369 1634 provinciam
1404 1535 1663 1610 polonicam
1694 1536 1806 1610 etan
1832 1536 1916 1610 aliis
1941 1535 2094 1612 fecimus

403 1643 564 1720 autumari
595 1639 798 1740 dictumque
830 1638 961 1716 docem
994 1641 1041 1714 ab
1074 1639 1235 1714 omuibus
1267 1640 1389 1716 meins
1416 1640 1555 1714 evitari.
1607 1639 1661 1714 Et
1685 1639 1849 1738 qumvis
1873 1639 2020 1715 traua·
2046 1695 2094 1712 ..

403 1746 612 1824 monachum
652 1742 702 1820 de
734 1743 923 1820 Strelno
957 1744 1305 1818 Premonstrateusis
1344 1740 1480 1818 ordinis
1519 1740 1570 1818 ad
1608 1753 1820 1820 conventum
1854 1743 2095 1818 nlinorniu

404 1847 745 1926 Wratinlnninm
766 1858 805 1923 et
823 1848 989 1922 motem
1015 1871 1062 1922 ac
1082 1859 1294 1922 eorrveutum
1317 1847 1522 1922 monosterii
1544 1847 1663 1925 sancti
1679 1847 1873 1923 Vinceneii
1894 1847 1979 1922 inibi
2001 1845 2095 1924 Pre-

403 1951 678 2030 monstratensis
704 1949 838 2027 ordinis
866 1976 945 2026 cnm
963 1950 1096 2024 uostris
1113 1950 1253 2040 litteris,
1280 1950 1417 2026 inserto
1442 1951 1621 2050 rescripto
1639 1950 1842 2050 apostolico
1858 1951 2094 2040 misissemus,

405 2057 654 2156 significantes
681 2051 833 2144 eisdem,
861 2050 957 2152 quod
984 2077 1062 2128 cunr
1081 2077 1147 2126 uos
1165 2065 1391 2128 memoratum
1408 2052 1537 2131 ducem
1560 2054 1915 2144 excommunicatum,
1940 2054 1986 2128 ab
2011 2053 2095 2128 aliis

406 2161 598 2240 fecerimus
619 2162 730 2262 juxta
754 2153 955 2230 mmrdctnm
973 2155 1207 2256 apostolicum
1226 2157 1352 2231 evitari
1371 2169 1409 2232 et
1424 2158 1539 2256 ipsius
1565 2169 1696 2234 terram
1722 2157 1981 2232 ecclesiastico
2007 2181 2096 2234 esse

405 2263 626 2364 subpositam
653 2257 854 2350 interdicto,
881 2271 919 2333 nt
946 2271 985 2334 et
1008 2259 1079 2360 ipsi
1105 2260 1267 2334 similiter
1284 2261 1560 2336 commonionem
1578 2258 1666 2338 dicti
1692 2258 1797 2336 ducis
1823 2271 2000 2358 unquam
2025 2284 2095 2336 ex-

406 2364 652 2442 commonenti
678 2363 848 2452 vitarent,
875 2363 988 2461 juxte
1020 2377 1177 2438 tenorem
1210 2363 1473 2462 privilegiorum
1499 2388 1641 2438 suornm
1666 2361 1849 2440 interdicti
1875 2365 2096 2440 monumen

405 2464 648 2556 observando,
674 2463 781 2541 iidem
809 2475 926 2540 tamen
954 2465 1086 2540 fratres
1113 2467 1276 2542 Minores
1302 2479 1339 2541 et
1365 2465 1553 2566 predictus
1578 2469 1695 2542 annos
1718 2491 1796 2542 eum
1824 2491 1893 2542 suo
1919 2479 2096 2544 conventu

405 2571 440 2646 iu
466 2569 755 2646 destruccionem
782 2569 946 2644 ecclesie
973 2581 1020 2644 et'
1036 2569 1306 2645 subversionem
1331 2571 1446 2670 ipsius
1466 2571 1609 2670 jurium,
1640 2571 1807 2646 volentes
1834 2594 1902 2645 non
1928 2569 2000 2648 deo
2027 2569 2096 2646 sed

404 2673 475 2774 ipsi
502 2671 587 2748 duci
612 2671 740 2772 pocius
767 2671 1013 2772 complacere,
1047 2695 1116 2748 nec
1149 2685 1294 2747 nostros
1327 2685 1541 2750 curaverunt
1572 2675 1739 2775 recipere
1768 2673 1909 2750 litterns
1934 2697 2004 2750 uec
2030 2699 2096 2750 cn-

406 2787 486 2852 ront
510 2775 627 2851 vitare
651 2777 766 2876 ipsum
794 2772 923 2852 ducem
939 2773 1000 2852 vol
1026 2799 1177 2852 servare
1202 2775 1381 2854 interdicti
1409 2778 1642 2868 sentenciam,
1669 2803 1737 2851 uon
1764 2791 1919 2852 nostrum
1947 2774 2096 2852 manda·

406 2891 477 2954 nrm
504 2877 574 2954 ned
600 2879 836 2978 apostolicum
861 2878 897 2954 iu
923 2879 994 2954 hnc
1019 2889 1122 2982 parte
1149 2881 1276 2980 pocius
1301 2891 1607 2981 contempnentes.
1644 2879 1750 2957 Unde
1777 2905 1826 2956 ee
1849 2905 1919 2980 que
1945 2879 2095 2957 lecimus

405 2983 442 3057 in
469 2983 540 3058 hoc
565 2981 718 3080 negocio
745 2983 848 3056 nobis
874 2995 912 3058 et
938 2982 1021 3056 eliis
1047 2984 1206 3060 omnibus
1234 2991 1336 3075 noto,
1371 2985 1425 3060 rei
1456 2983 1645 3060 veritatem
1678 2982 1836 3060 fideliter
1866 2997 1905 3062 et
1936 2983 2095 3086 plenarie

406 3083 642 3162 dominacioni
668 3097 794 3162 vestre
820 3086 1061 3176 rescribimus,
1088 3085 1286 3164 secundom
1313 3085 1408 3186 quod
1434 3111 1459 3162 s
1483 3089 1588 3162 vobis
1614 3088 1818 3188 recepimus
1843 3089 1877 3162 in
1903 3085 2094 3164 mandatis.
2157 3099 2166 3112 '

405 3187 459 3264 Et
484 3189 647 3288 quonium
672 3187 768 3266 idem
793 3187 887 3280 dux,
915 3201 1172 3290 contempnens
1198 3191 1327 3266 eleves
1356 3191 1539 3280 ecclesie,
1565 3189 1753 3291 predictas
1778 3193 1989 3270 sentencias
2013 3191 2096 3266 vili-

404 3291 546 3394 poudit,
581 3303 703 3392 utpote
730 3293 789 3390 qui
814 3289 963 3368 easdem
990 3297 1068 3390 jam
1093 3317 1160 3393 per
1185 3292 1278 3368 duos
1304 3319 1418 3370 onnos
1446 3308 1484 3369 et
1509 3291 1688 3368 dimidium
1720 3296 1837 3370 nunno
1862 3295 2018 3372 sustinet
2040 3297 2096 3371 in·

406 3393 534 3470 duroto
561 3395 684 3470 etalii
711 3395 892 3498 principes
918 3395 1107 3470 Polonie
1134 3409 1260 3472 contra
1286 3398 1379 3473 elias
1398 3397 1583 3473 ecclesias
1609 3399 1777 3498 exemplo
1795 3399 1900 3474 istius
1926 3397 2034 3475 ducis
2058 3409 2096 3474 ut

406 3519 476 3572 ens
503 3495 690 3572 destruent
708 3501 786 3594 jam
809 3507 998 3588 armentur,
1025 3498 1058 3572 si
1085 3499 1192 3596 hujus
1216 3498 1322 3576 ducis
1347 3499 1527 3578 violencia
1544 3503 1755 3577 remanserit
1780 3503 1999 3596 incorrecta,
2026 3523 2095 3602 ge·

406 3599 510 3674 nibus
535 3599 710 3699 provoluti
738 3624 817 3676 enm
842 3599 1000 3676 lucrinis
1026 3603 1238 3701 suppliciter
1264 3601 1512 3704 deprecamur,
1538 3617 1577 3678 ut
1598 3629 1676 3680 cum
1695 3605 1893 3680 uomirunnrs
1912 3603 1987 3680 dux
2013 3629 2095 3681 cor-

407 3701 474 3802 rigi
501 3701 588 3776 nolit
613 3701 787 3802 spirituali
813 3699 949 3802 gladio,
976 3703 1126 3804 placent
1141 3717 1266 3783 vestre
1283 3709 1409 3810 grecie
1426 3707 1475 3784 de
1493 3709 1706 3809 oportuniori
1733 3707 1894 3786 remedio
1921 3710 2093 3810 cogitare.

406 4211 432 4290 d
490 4111 589 4234 ,lsta
613 4125 673 4190 est
698 4113 811 4190 formo
837 4116 904 4192 sub
929 4139 1001 4218 qua
1023 4113 1178 4218 predicti
1205 4127 1426 4194 executores
1452 4119 1684 4221 scripserunt,
1701 4129 1739 4195 et
1763 4117 1903 4196 litteras
1927 4117 2097 4194 misemnt

433 4239 548 4291 nmmo
598 4241 621 4290 a
646 4241 680 4294 e.

510 4242 750 4396 Sadcdssimo
782 4321 817 4396 in
845 4319 992 4400 Christo
1018 4323 1128 4428 patri,
1162 4320 1255 4397 dom.
1282 4323 1503 4416 Honorio,
1537 4337 1777 4402 sacrosancte
1809 4349 1856 4402 oc
1883 4323 2096 4400 universnlis

407 4417 570 4496 ecclesie
602 4447 736 4496 stimmo
770 4425 947 4524 pontifici,
981 4425 1132 4502 humiles
1159 4427 1396 4502 ecclesiarum
1421 4427 1582 4519 ministri,
1609 4429 1813 4504 Wislous
1839 4425 2095 4508 Wlndislo·

407 4519 582 4596 niensis
616 4535 654 4600 et
679 4523 909 4604 Johnnues
936 4529 1276 4606 Ponunuiensis
1310 4531 1475 4632 episcopi
1502 4557 1580 4609 curu
1607 4534 1698 4606 omui
1724 4531 1939 4608 reverencie
1962 4528 2097 4606 devoto

406 4619 538 4722 pedum
564 4627 693 4702 oscula
719 4627 911 4704 bentomnr.
952 4629 1168 4707 sanctitatis
1184 4644 1309 4709 vestre
1327 4635 1468 4709 litteras
1486 4637 1552 4710 nub
1571 4659 1664 4710 enno
1681 4633 1812 4712 domini
1830 4630 2095 4713 MCCLXXX

407 4731 535 4816 texto,
569 4723 638 4802 xt.
664 4727 813 4806 kalend.
840 4730 1083 4833 Septembris,
1116 4759 1195 4812 cum
1222 4736 1313 4812 omni
1339 4739 1551 4814 reverencie
1577 4740 1779 4841 recepimus
1805 4740 1840 4813 in
1867 4737 1938 4815 hec
1962 4738 2094 4813 verbe:

407 4823 633 4906 Honorius
659 4853 682 4906 e
706 4831 873 4934 iscopus,
900 4859 1031 4912 rervm
1054 4859 1237 4914 servornm
1264 4835 1325 4913 dei
1352 4851 1423 4916 etc.
1450 4835 1521 4937 (N.
1548 4839 1687 4941 cett).
1739 4843 1823 4918 Nos
1849 4843 1967 4941 igitur,
1993 4861 2094 4915 mnn-

407 4923 528 5004 dntum
553 4855 789 5030 apostdioum
807 4933 1001 5038 diligenter
1023 4941 1155 5040 exequi
1180 4939 1369 5042 cupientes
1394 4945 1624 5022 convenimus
1650 4941 1765 5046 pridie
1789 4969 1905 5022 nones
1922 4943 2093 5046 Septem-
