4524 5770
392 543 443 618 26
1029 539 1242 612 Urbunden.
1299 541 1456 612 XVIII.

391 756 625 837 morantem
666 741 763 844 quod
785 743 821 818 iu
846 740 987 818 duobus
1010 741 1169 820 terminis
1192 741 1354 844 proximo
1376 739 1559 844 preteritis
1584 741 1798 840 quingentus
1816 765 1970 834 marcas,
1995 765 2087 840 quas

279 913 281 922 ,
391 849 613 928 debebamus
630 871 700 924 uon
717 845 966 948 persolvimus,
979 869 1055 1022 pro
1079 846 1208 946 quibus
1237 869 1353 945 usque
1378 842 1429 920 ad
1459 844 1601 921 inicimn
1626 843 1903 945 quadragesime
1928 845 2087 947 proximo

391 963 540 1030 venture
564 949 661 1027 dicto
684 950 859 1050 episcopo
885 949 977 1025 satis
994 973 1105 1026 acere
1129 949 1370 1051 promittimus.
1431 945 1503 1026 Cui
1527 947 1644 1024 eciam
1676 973 1789 1048 osque
1814 947 1863 1024 ad
1890 947 2088 1050 predictum

392 1057 574 1134 terminum
599 1053 868 1130 satisfaciemus
893 1053 929 1127 in
954 1051 1122 1132 ducentis
1148 1063 1185 1128 et
1207 1051 1374 1130 undecim
1400 1051 1533 1128 marcis
1559 1051 1699 1150 argenti
1718 1061 1756 1128 et
1773 1077 1843 1126 una
1859 1077 1980 1128 marca
1997 1051 2086 1138 aviri,

393 1185 484 1261 quas
503 1157 622 1236 dictus
639 1157 753 1234 frater
769 1168 893 1232 noster
910 1167 994 1258 post
1012 1156 1310 1258 composicionem
1328 1156 1462 1232 factam
1481 1153 1530 1232 de
1547 1154 1722 1232 reditibus
1739 1156 1902 1230 nominati
1924 1154 2088 1256 episcopi

391 1263 541 1364 recepit.
593 1259 699 1352 Quod
731 1261 764 1336 si
789 1285 859 1360 que
890 1257 1112 1361 prediximus
1145 1284 1260 1359 usque
1285 1257 1335 1334 ad
1359 1257 1454 1335 diem
1478 1259 1690 1334 nominatum
1714 1283 1782 1334 non
1807 1259 2011 1349 fecerimus,
2036 1281 2088 1334 ex

393 1379 477 1444 tunc
501 1366 580 1441 sine
606 1365 724 1464 aliquo
749 1388 901 1440 rancore
926 1375 1048 1439 nostro
1073 1362 1345 1440 observabimus
1370 1363 1580 1440 sentencias
1604 1363 1988 1440 excommunicacionis
2006 1362 2088 1438 sive

392 1467 572 1546 interdicti
587 1469 623 1544 in
640 1493 707 1544 nos
723 1468 784 1543 vel
802 1468 837 1542 in
854 1476 986 1544 terram
1004 1477 1159 1543 nostram
1177 1492 1244 1568 per
1259 1465 1437 1567 prefatum
1454 1465 1765 1568 archiepiscopum
1789 1467 1851 1543 vel
1879 1467 2087 1568 episcopum

392 1575 517 1650 Vrat.
541 1571 722 1674 prolatas,
750 1575 856 1670 cujus
881 1571 1046 1672 episcopi
1061 1568 1314 1670 jurisdiccioni
1332 1567 1522 1660 ordinarie,
1552 1595 1619 1671 per
1642 1571 1913 1669 subjeccionem
1929 1581 2087 1644 nostram

392 1677 636 1768 voluntariam,
656 1700 726 1774 qua
739 1699 806 1750 nos
825 1675 1101 1775 archiepiscopo
1119 1673 1315 1762 subdimus,
1335 1673 1538 1750 nullatenus
1556 1671 1762 1772 derogetur.
1789 1675 1921 1750 Actum
1936 1674 1970 1748 in
1984 1672 2086 1749 clau-

393 1794 468 1858 etro
485 1791 616 1856 sancte
629 1779 751 1854 'Marie
770 1777 955 1852 Vratisl.
980 1803 1073 1852 anno
1097 1775 1227 1852 domini
1245 1775 1433 1854 MCCLX
1450 1778 1573 1879 primo,
1602 1777 1696 1852 Xlll
1713 1776 1895 1854 kalendas
1912 1775 2087 1868 Jarroarii,

392 1885 621 1988 presentibus
646 1883 734 1974 biis,
770 1882 900 1958 comite
925 1881 1133 1958 Johanne
1159 1879 1208 1956 de
1232 1880 1437 1971 Rechen,
1473 1882 1667 1957 Janusio
1698 1880 1746 1958 de
1769 1867 1976 1968 Nemcbi,
2001 1879 2087 1955 Jo-

392 1991 535 2066 banne
561 1985 609 2064 de
627 1987 764 2078 Vraz,
791 1984 1021 2063 lll'ichaele
1040 1983 1087 2060 de
1106 1984 1298 2060 Olesniz
1323 1985 1536 2060 castellanis
1555 1987 1705 2078 nostris,
1733 1983 1938 2062 liadslao
1957 1981 2088 2084 judice

393 2094 493 2171 curie
516 2103 657 2180 nostre,
685 2089 918 2166 lllichaele
942 2087 1120 2190 palatino,
1148 2087 1396 2186 Boguslao‚
1433 2085 1677 2182 Predslao,
1705 2087 1945 2182 Budiuoio,
1972 2090 2086 2163 Ber·

393 2195 536 2288 toldo,
562 2193 821 2271 Vilclrcone
840 2190 1072 2286 deSosno,
1099 2192 1337 2268 Heinzone
1359 2191 1432 2266 lilio
1450 2191 1576 2283 llici,
1601 2192 1832 2284 Nanlrero,
1858 2191 2087 2292 Desprino

394 2311 430 2378 et
449 2299 530 2376 aliis
547 2297 707 2398 pluribus
723 2296 891 2374 militibus
908 2297 1054 2372 nostris.

495 2401 577 2478 Hiis
595 2411 713 2477 autem
729 2401 786 2477 sic
804 2401 911 2492 actis,
937 2413 1086 2500 recepto
1104 2397 1349 2499 sollempniter
1358 2401 1574 2498 juramento,
1602 2397 1696 2500 quod
1710 2397 1804 2474 idem
1823 2396 1900 2472 dux
1916 2397 2053 2472 Boles
2065 2437 2086 2454 -

392 2508 494 2582 laus
520 2515 558 2582 et
580 2505 696 2606 ipsius
723 2504 919 2606 complices
943 2513 1045 2578 taeta
1062 2503 1298 2604 corporaliter
1315 2527 1425 2579 cruce
1442 2501 1670 2595 veneranda,
1698 2515 1734 2576 ut
1755 2499 1932 2576 mandatis
1949 2513 2088 2576 starent

395 2608 558 2686 ecclesie
582 2607 830 2710 prestiterunt,
856 2618 929 2682 tam
952 2607 1068 2707 ipsum
1093 2605 1221 2683 ducem
1240 2631 1344 2706 quom
1362 2611 1444 2706 ejus
1463 2607 1661 2708 complices
1679 2607 1759 2682 sive
1777 2606 1912 2698 socios,
1931 2603 2088 2680 astanti-

393 2715 461 2789 bus
479 2713 583 2788 nobis
601 2712 760 2813 pluribus
777 2711 865 2786 viris
883 2711 1067 2809 religiosis
1085 2709 1304 2785 absolvimus
1323 2709 1538 2787 auctoritate
1556 2709 1760 2810 apostolica
1783 2711 1885 2784 nobis
1904 2729 2089 2785 concessa

394 2819 440 2893 ab
459 2815 846 2906 excommunicacione,
866 2839 968 2914 quarn
985 2812 1189 2890 inciderant
1206 2811 1423 2915 captivando
1441 2827 1479 2888 et
1495 2811 1691 2890 detinendo
1709 2813 1928 2914 episcopum,
1952 2834 2088 2912 prepo-

394 2921 497 2996 situm
524 2929 561 2995 et
583 2918 819 3020 presbiterum
842 2916 1009 3020 superius
1033 2917 1249 3009 nominatos,
1277 2917 1403 3016 quibus
1428 2917 1603 2992 absolutis
1624 2919 1658 2992 in
1684 2917 1812 2992 virtute
1828 2915 1969 3018 prestiti
1979 2920 2088 3014 jura·

394 3023 500 3100 menti
516 3022 745 3123 injunximus,
764 3033 803 3097 ut
819 3047 990 3122 nunquam
1005 3021 1212 3122 episcopum
1227 3044 1293 3096 seu
1304 3043 1548 3120 quemcunque
1561 3021 1665 3096 alium
1681 3021 1849 3097 clericum
1863 3019 2090 3121 captivarent

393 3127 451 3204 vel
472 3151 607 3230 capere
623 3127 827 3202 volentibus
845 3125 1008 3218 consilio,
1026 3124 1162 3199 auxilio
1181 3148 1247 3200 seu
1265 3123 1392 3200 favore
1410 3125 1645 3216 assisterent,
1672 3123 1774 3198 immo
1792 3122 2009 3199 denunciare
2027 3133 2088 3196 te-

393 3243 543 3308 neantur
575 3232 608 3307 si
626 3228 674 3310 de
705 3231 861 3328 alicujus
880 3229 1089 3331 captivitate
1107 3228 1225 3302 fubrra
1241 3226 1377 3327 aliquid
1394 3227 1636 3320 intellexerint
1652 3225 1725 3304 lide
1743 3226 1898 3327 dignum,
1930 3228 1976 3301 ab
1993 3225 2088 3300 omni

393 3335 560 3409 molestia
577 3335 754 3435 corporali
773 3335 982 3410 clericorum
1001 3333 1144 3432 penitus
1163 3331 1407 3422 abstinentes,
1435 3331 1553 3406 nullas
1571 3357 1650 3423 res,
1678 3329 1841 3408 decimas
1858 3355 1924 3406 seu
1949 3327 2090 3404 reditus

393 3437 605 3512 clericorum
622 3438 797 3536 recipiant
813 3437 893 3512 sine
912 3461 1032 3511 eorum
1050 3434 1278 3534 beneplacito
1297 3444 1334 3510 et
1352 3458 1534 3534 expressa
1551 3435 1753 3524 voluntate,
1781 3435 1867 3510 etsi
1885 3459 1976 3533 quas
1993 3433 2091 3508 bac·

392 3550 497 3614 tenus
522 3551 755 3639 receperunt,
791 3563 869 3614 cnm
894 3537 985 3638 ipsis
1005 3562 1148 3636 quonum
1165 3561 1228 3612 res
1253 3536 1393 3613 fuerunt
1411 3562 1625 3637 componere
1652 3538 1916 3616 racionabiliter
1932 3549 2092 3612 tenean-

392 3654 459 3716 tur.
514 3641 620 3733 ltem,
648 3639 744 3740 quod
762 3665 830 3714 non
849 3641 1107 3718 communicent
1124 3640 1442 3716 excommunicatis
1470 3639 1588 3719 donec
1606 3640 1655 3717 de
1673 3643 1828 3743 ipsorum
1852 3640 2093 3716 absolucione

393 3746 448 3822 eie
471 3745 654 3822 veraciter
682 3743 892 3821 constiterit.
954 3744 1106 3820 Domino
1131 3755 1249 3820 autern
1275 3741 1359 3820 duci
1384 3745 1595 3845 specialiter
1616 3747 1652 3820 in
1676 3747 1804 3820 virtute
1825 3743 1966 3922 prestiti
1979 3748 2094 3844 jura-

391 3849 498 3926 menti
515 3849 587 3926 hoc
603 3847 837 3937 inunximus,
865 3844 961 3946 qood
978 3848 1012 3921 si
1029 3845 1158 3946 aliquit
1177 3847 1334 3924 clericus
1351 3873 1418 3948 per
1435 3873 1533 3939 evum,
1561 3849 1620 3949 qui
1641 3874 1708 3926 sue
1728 3875 1823 3948 Juns
1851 3873 1980 3926 rccvom
1997 3849 2095 3923 sub-

393 3964 468 4044 est,
496 3953 604 4030 fuerit
627 3875 816 4042 (letantes,
851 3947 1032 4026 detentum
1054 3950 1210 4028 liberare
1236 3961 1401 4027 teneatur
1423 3963 1461 4028 et
1487 3951 1710 4030 detentorem
1736 3965 1805 4026 tam
1823 3949 1883 4026 diu
1905 3952 2095 4052 prosequi,

392 4054 509 4135 donec
526 4057 607 4133 leso
625 4055 849 4134 satisfecerit
867 4053 1088 4131 sufficienter
1100 4066 1137 4130 et
1154 4055 1423 4132 absolucionem
1440 4057 1673 4157 promeruerit
1688 4053 2096 4132 excommunicacionis.

392 4156 444 4232 Et
468 4161 551 4257 qnia
575 4161 773 4236 nominatus
798 4157 874 4235 dux
891 4159 1142 4235 Boleslaus
1165 4159 1374 4262 episcopum
1399 4157 1579 4260 capiendo
1597 4185 1689 4260 opus
1716 4159 1879 4237 ecclesie
1897 4157 2096 4232 Vratisl.

393 4263 601 4358 specialiter
623 4261 872 4365 impediverat,
903 4261 1148 4338 mandavimus
1174 4261 1294 4339 eidem
1318 4264 1385 4338 sub
1410 4263 1561 4364 prestito
1580 4268 1795 4362 juramento,
1828 4273 1867 4336 nt
1897 4285 2013 4360 usque
2039 4259 2101 4336 ad

393 4385 483 4538 sexs
498 4387 611 4440 annos
645 4368 827 4466 proximos
852 4367 1009 4466 quolibet
1030 4391 1123 4440 aurio
1148 4390 1305 4442 marcam
1331 4367 1409 4442 auri
1439 4363 1488 4442 ad
1516 4367 1690 4444 fabricam
1724 4363 1889 4466 ejusdem
1922 4365 2101 4443 ecclesie

392 4487 459 4540 con
477 4475 565 4540 eret.

494 4565 582 4666 Ipso
599 4577 716 4644 autem
733 4567 829 4648 duce
849 4581 887 4646 et
903 4575 986 4670 ejus
1010 4570 1243 4672 complicibus
1267 4571 1388 4649 taliter
1411 4571 1588 4650 absolutis
1607 4583 1645 4649 et
1662 4571 1833 4648 mandata
1856 4581 1981 4647 nostra
1998 4573 2105 4648 abs-

392 4693 461 4770 que
486 4669 607 4769 uliqua
625 4669 915 4750 contradiccione
941 4685 1071 4774 sponte
1094 4673 1368 4776 recipientibus,
1397 4701 1521 4752 omnes
1547 4677 1583 4752 iu
1602 4675 1735 4752 dictam
1753 4676 1951 4753 ecclesiam
1969 4677 2106 4754 sancti

390 4771 568 4848 Johannis
597 4772 875 4869 introduximus,
911 4778 1151 4854 communione
1185 4775 1342 4854 fidelium
1374 4791 1411 4854 et
1439 4779 1723 4881 participacione
1754 4777 2107 4858 ecclesiasticorum

391 4887 693 4954 sacramentorum
710 4877 802 4978 ipsis
819 4878 996 4956 restituta
1033 4881 1166 4958 Actum
1182 4880 1378 4957 Vratisl.
1403 4881 1440 4958 in
1458 4884 1619 4960 claustro
1637 4894 1724 4985 aput
1740 4893 1904 4960 sanctam
1921 4883 2107 4980 Mariam,

389 5005 483 5058 anno
509 4979 640 5057 domini
655 4979 845 5061 mccxx
860 4983 983 5083 primo,
1011 4981 1118 5058 Xlll.
1136 4981 1286 5062 kalend.
1303 4985 1482 5078 Januarii,
1508 4999 1682 5088 presente
1709 4985 1849 5064 domino
1865 4987 2028 5064 Heinri
2039 5011 2109 5066 co
