4594 5774
420 509 502 588 did
896 511 904 523 '
940 516 946 527 '
1006 506 1218 580 vamum.
1273 505 1521 580 OELXXXAE
1643 546 1651 566 ·

424 717 492 801 bus
514 737 568 792 aa
590 707 869 790 somoribus
895 706 973 782 suis
999 707 1148 807 regibus
1170 709 1356 787 Boenio
1373 705 1717 810 atejusdanregtl
1733 710 2113 811 summums-

423 815 525 894 dicta
550 826 588 892 et
613 839 734 891 eorum
766 809 949 912 quodlibet
981 835 1033 888 ex
1062 809 1268 890 douaeione
1300 813 1361 913 pio
1398 811 1670 892 recordacionis
1684 817 1688 825 “
1703 813 1755 890 ill.
1783 813 1989 890 Heinriei
2014 816 2114 892 sexti

424 935 463 1002 et
488 919 598 996 ultimi
623 915 728 994 ducis
753 917 889 991 Wrat.
916 913 1154 1008 hereditario,
1181 920 1285 1015 justo
1319 927 1358 994 et
1388 917 1547 1016 legitimo
1572 911 1673 994 titulo
1690 915 1931 1018 possidebat,
1965 931 2004 994 et
2027 920 2117 1018 qd·

424 1025 573 1102 onmium
597 1021 853 1123 principatum
879 1031 916 1096 et
941 1017 1133 1096 ducatuum
1159 1021 1309 1098 omniun
1334 1031 1379 1097 et
1402 1021 1622 1120 singulorum
1649 1022 1846 1123 principun
1876 1023 1958 1098 sivo
1981 1020 2115 1100 datu

425 1127 588 1206 Slenie
615 1138 652 1202 et
677 1123 1004 1225 (lpuliensium,
1038 1124 1166 1223 quibus
1192 1125 1308 1201 edam
1332 1125 1559 1226 qopelleutur
1583 1125 1800 1217 uanioribus,
1822 1123 1959 1207 duoatu
1985 1124 2114 1204 swi-

425 1229 637 1310 dniceusi
661 1240 700 1306 ct
723 1227 751 1304 J
758 1229 958 1304 awreosi
985 1225 1172 1310 duntaxat
1196 1241 1366 1330 excepto,
1389 1237 1533 1328 portior
1558 1235 1700 1304 directo
1714 1237 1860 1327 purtim
1872 1238 2117 1306 committat

424 1340 638 1412 benedicto
655 1339 815 1408 domim
830 1359 970 1424 munao,
994 1339 1098 1432 prout
1171 1344 1250 1409 ente
1268 1332 1510 1432 cognoscitur,
1536 1339 1710 1431 superior
1723 1337 1896 1410 emam
1908 1339 2114 1433 generalia,

425 1453 463 1516 et
486 1438 706 1540 principatus
733 1460 871 1512 neouon
895 1434 1053 1512 ducatus
1170 1435 1179 1452 ⁶
1208 1437 1233 1512 ti
1258 1461 1338 1514 curn
1361 1438 1522 1512 unibus
1539 1434 1716 1529 dominiis,
1743 1437 1949 1526 nunonem,
1969 1438 2114 1538 justu

424 1555 462 1620 et
485 1541 717 1643 pertinenciis
743 1540 872 1617 suisa
896 1541 1004 1616 nobis·
1031 1553 1207 1640 tamqnam
1241 1565 1332 1640 rege
1356 1541 1537 1618 Boemie
1570 1553 1609 1616 et
1633 1565 1819 1616 mucrona
1847 1541 1952 1638 regni
1980 1541 2114 1643 preinu'

424 1649 460 1721 in
484 1645 630 1721 feodum
656 1641 879 1745 dependent,
910 1644 1008 1722 sicut
1030 1643 1100 1722 boc
1126 1645 1311 1746 principes
1335 1657 1373 1721 et
1397 1642 1515 1722 duces
1538 1641 1694 1744 prsdcti
1718 1645 1756 1719 in
1779 1645 1974 1745 pmaeum‘a
1998 1669 2113 1722 reue-

425 1750 549 1826 rabilis
574 1748 793 1826 Preczlai
818 1748 958 1824 Wrat.
986 1747 1163 1850 episcopi,
1187 1749 1371 1849 principis,
1398 1749 1609 1826 cancellarii
1628 1759 1672 1824 'et
1688 1745 1812 1824 deuoti
1835 1750 1950 1824 nostri
1974 1746 2113 1836 dilecti,

425 1854 675 1935 eanoniebrun
699 1863 739 1928 et
764 1852 910 1955 capituli
936 1850 1034 1928 dicte
1061 1853 1225 1930 ecclesie
1248 1853 1287 1928 in
1378 1853 1479 1928 sonis
1502 1853 1656 1954 propris
1674 1853 1857 1936 constituti
1878 1852 2114 1931 molesme

426 1959 563 2034 notoria
587 1957 811 2058 publicarunt
824 1957 861 2048 ¹),
888 1954 1086 2058 profitendo
1109 1956 1224 2035 eciam
1248 1957 1296 2031 ibi
1324 1981 1390 2048 em,
1418 1955 1572 2056 qualiter
1586 1957 1691 2032 uobis
1706 1969 1884 2056 nmquam
1900 1958 1980 2056 regi
1996 1958 2113 2034 Boe-

426 2064 524 2154 mie‚
550 2058 746 2138 heredibus
773 2071 810 2135 et
835 2060 1113 2136 successoribus
1139 2061 1467 2138 nostrisBoemie
1492 2061 1639 2159 regibus
1665 2071 1702 2136 et
1728 2057 1892 2160 ejusdem
1916 2062 2022 2160 regni
2046 2085 2113 2138 co-

425 2189 512 2242 rone
537 2176 714 2264 tamqnam
734 2163 845 2253 veris,
872 2164 1104 2253 naturalibos,
1130 2161 1358 2238 hereditariis
1383 2175 1420 2238 et
1437 2165 1605 2264 legitimis
1624 2161 1775 2238 dominis
1801 2165 1879 2239 suis
1905 2189 1969 2266 pro
1996 2189 2040 2242 se
2066 2189 2113 2241 ae

426 2269 705 2346 successoribus
732 2266 809 2341 suis
836 2255 997 2342 Slczie
1030 2277 1068 2341 et
1094 2264 1425 2366 0puliensibus
1450 2264 1604 2345 ducibus
1629 2267 1849 2374 prostiterint
1874 2267 2042 2368 homagii,
2067 2269 2113 2342 fi-

426 2371 597 2464 delitatis,
624 2368 838 2447 obediencie
865 2382 903 2445 et
928 2369 1174 2468 subjeccionis
1201 2367 1324 2461 delita
1350 2383 1526 2468 cepsueta
1549 2396 1596 2448 ac
1614 2371 1812 2472 solempnia
1831 2376 2048 2470 juramenta,
2076 2389 2113 2448 et

426 2503 506 2554 cum
530 2472 683 2576 predicti
709 2471 863 2548 ducatus
890 2471 1051 2549 Sleuie
1078 2483 1114 2549 et
1140 2471 1408 2574 opoliensis
1426 2499 1565 2550 necnon
1584 2473 1739 2552 ducatus
1756 2500 1804 2551 ac
1822 2476 1954 2552 civitas
1972 2477 2110 2552 Wrut

427 2580 595 2664 eteniam
619 2578 692 2656 alia
717 2574 837 2678 opida,
864 2589 971 2668 torre,
998 2574 1184 2661 districtus
1209 2588 1248 2654 ot
1269 2578 1492 2678 pertinentis
1518 2603 1596 2666 cmi
1615 2579 1774 2664 omuibus
1791 2577 1967 2671 dominiis,
1993 2581 2110 2659 bono-

427 2683 523 2758 ribus
550 2693 587 2758 et
606 2681 748 2780 juribus
773 2681 852 2762 sois
877 2705 989 2779 reguo
1021 2691 1059 2761 et
1085 2683 1426 2767 bermendesie
1451 2681 1500 2765 du
1526 2683 1698 2770 wmmuoi
1724 2683 1927 2774 voluntate,
1958 2695 2044 2760 veto
2071 2699 2109 2760 et

428 2785 579 2864 consilio
605 2782 797 2860 eonrndem
822 2783 1015 2886 principum
1042 2797 1079 2862 et
1104 2786 1219 2862 eciam
1245 2785 1409 2880 alionum,
1445 2810 1588 2886 quorum
1620 2784 1766 2864 adhoc
1798 2787 1927 2888 requiri
1954 2785 2111 2864 debebat

427 2913 625 2982 assensus,
659 2888 744 2962 uniti
770 2899 807 2964 et
830 2887 1046 2990 incorporati
1080 2913 1126 2966 ac
1152 2888 1360 2968 inviscerati
1392 2890 1463 2964 sint
1489 2901 1527 2966 et
1552 2915 1640 2966 esse
1667 2887 1825 2968 debeant
1850 2887 1945 2968 adeo
1972 2892 2105 2968 irrevo-

428 2991 591 3070 cabiliter
616 3004 652 3068 et
676 2991 898 3085 inconvulse,
925 3004 964 3066 nt
989 3018 1013 3068 a
1037 2993 1189 3094 prelatis
1215 3017 1328 3093 regno
1355 3007 1392 3069 et
1418 3017 1552 3070 corona
1575 2993 1751 3070 Boemie
1778 2988 1896 3070 scindi
1922 3019 1990 3071 sen
2015 2995 2105 3072 alie·

428 3097 503 3172 nari
529 3121 598 3172 non
624 3094 781 3172 debeant
806 3097 933 3196 quovis
959 3094 1077 3189 modo,
1111 3097 1208 3173 sicut
1232 3097 1304 3173 boc
1328 3097 1522 3199 principum
1548 3096 1788 3200 predictorum
1814 3109 1853 3174 et
1879 3099 2026 3174 aliorum
2053 3101 2106 3174 si·

295 3289 300 3306 ἢ
378 3195 381 3205 '
427 3191 553 3304 militer
578 3223 721 3303 qnorum
746 3200 927 3276 interesse
950 3201 1064 3300 potuit
1090 3212 1149 3276 est
1167 3201 1381 3301 juramentis
1412 3201 1657 3306 corporalibus
1674 3201 1904 3303 solempniter
1929 3203 2111 3312 approba-

427 3305 552 3395 tum2)‚
580 3315 617 3380 et
643 3321 720 3381 com
747 3303 969 3404 episcopalis
995 3302 1109 3380 sedes
1135 3318 1172 3380 et
1198 3302 1375 3382 cathedra
1400 3305 1537 3380 Wrat.
1565 3301 1789 3410 ecclesisis
1814 3307 1962 3393 cidtote
1988 3319 2110 3382 nostra

428 3407 561 3482 Wrat.
586 3405 754 3509 predicta
779 3409 851 3482 sito
876 3421 1057 3500 noscatur,
1084 3433 1154 3508 que
1181 3407 1322 3508 quidem
1348 3409 1478 3485 ciuitas
1504 3411 1608 3484 nobis
1631 3421 1811 3514 tamquam
1823 3411 1901 3510 regi
1917 3411 2108 3501 Boemie‚

428 3535 541 3611 regno
568 3523 606 3586 et
631 3533 763 3586 corone
789 3509 987 3599 Boemie‚
1021 3511 1302 3614 nrt-premittitur,
1331 3523 1390 3588 ost
1413 3511 1618 3590 innncdlote
1643 3515 1829 3613 subjecta,
1864 3512 1959 3614 qtrod
1985 3515 2109 3617 prela-

429 3627 488 3690 tus
515 3614 710 3714 episcopus
736 3625 774 3688 et
800 3614 991 3714 capitulum
1015 3616 1149 3690 Wrot.
1178 3616 1352 3708 ecclesie,
1380 3615 1503 3694 devoti
1529 3619 1651 3710 nostn,
1679 3615 1897 3718 prudenciae
1914 3613 2110 3696 adverten-

430 3733 500 3809 tes,
527 3715 648 3793 habito
674 3717 788 3792 eciam
816 3729 986 3820 respectu
1012 3716 1062 3794 ad
1087 3721 1261 3819 benignos
1287 3720 1452 3812 lavores,
1487 3720 1615 3825 quibos
1641 3745 1707 3797 eos
1734 3731 1784 3797 et·
1797 3722 1994 3799 ecclesian
2021 3749 2110 3799 ean-

430 3820 512 3898 dem
537 3821 763 3923 prevenimus
795 3833 833 3896 et
856 3822 1003 3898 inantea
1035 3835 1183 3900 auotore
1209 3821 1349 3898 domino
1382 3825 1572 3923 benignius
1601 3845 1868 3926 prosequemur,
1900 3827 1970 3928 ipsi
1995 3825 2110 3902 anino

430 3923 649 4020 deliberato,
677 3949 745 4000 non
771 3949 837 4025 per
862 3949 1018 4001 errorem
1042 3938 1104 4002 aut
1128 3925 1342 4030 inprovide,
1374 3925 1444 4004 sed
1467 3941 1602 4004 mabrro
1628 3939 1666 4006 et
1692 3930 1862 4006 communi
1887 3929 2109 4031 precedente

431 4029 600 4122 consilio,
626 4028 705 4130 pari
730 4029 877 4104 omnium
903 4029 1058 4131 ipsorum
1083 4032 1283 4123 voluntate,
1317 4042 1401 4132 uoto
1426 4032 1561 4133 pariter
1586 4044 1624 4109 et
1649 4057 1824 4124 assensu,
1851 4034 1941 4134 ipsis
1967 4035 2013 4110 ob
2037 4035 2109 4111 huo

429 4134 565 4237 pluries
590 4132 828 4238 personaliter
851 4134 886 4208 in
914 4133 1069 4236 capitulo
1096 4137 1347 4235 congregatis,
1382 4159 1446 4237 pro
1479 4159 1523 4213 se
1557 4149 1594 4212 et
1626 4137 1903 4214 successoribus
1937 4139 2022 4213 suis
2042 4139 2110 4214 in-

430 4237 1215 4440 tutltctttllllllllll&
1231 4239 2112 4445 {tltttlll’ltl'ssttttttttlllttf

432 4395 744 4538 scribus'nostris,
770 4445 950 4544 Boemie
975 4445 1122 4544 regibus
1148 4457 1185 4523 et
1211 4445 1376 4546 ejusdem
1389 4399 1502 4549 ’regni
1527 4400 1662 4526 corona
1687 4475 1811 4526 smnus
1835 4473 1954 4526 eurum
1967 4457 2111 4548 prinoi-
2143 4535 2146 4540 ,

430 4557 532 4647 pulis
553 4563 733 4652 patronos
758 4562 796 4623 et
818 4553 985 4624 dominus
1008 4549 1156 4634 racione
1182 4551 1314 4626 Wrat
1340 4553 1503 4630 ecclesie
1530 4563 1567 4628 et
1592 4553 1759 4628 bonum
1783 4554 1913 4656 ipsius,
1945 4577 2014 4654 que
2040 4555 2111 4630 bu-

478 4801 510 4887 ι)
538 4799 617 4868 Uni.
638 4825 712 4870 vom
732 4803 784 4871 {tlt
805 4805 884 4871 Nou.
907 4801 991 4870 lats
1013 4805 1053 4869 N.
1076 4805 1193 4906 CCQV.
1243 4813 1247 4824 '
1330 4839 1338 4854 ·

477 4891 513 5054 ιι
538 4883 894 5067 calones
912 4889 1171 5046 ιιι
1183 4892 1422 4983 ιιι
1442 4891 1465 4956 ¹·
1488 4913 1520 4980 ι
1627 4915 1658 4956 ²¹·
