4594 5774
423 523 502 604 att
1000 523 1214 597 uranum
1269 495 1539 596 ccnmrr.

424 741 563 836 quarto,
580 729 799 807 lleinricu
812 737 922 804 sexto
940 737 979 804 et
991 726 1111 804 ultimo
1123 725 1278 804 ducibus
1291 723 1453 804 Slenie
1466 737 1505 804 et
1517 723 1820 804 deminisWrat
1834 735 1874 804 et
1886 725 2117 818 lleiurico,

424 833 638 917 Conrado
663 845 771 931 atque
796 831 1002 907 Bolkone
1027 831 1110 906 olim
1134 829 1542 931 ducibusGlogouie,
1567 853 1634 931 pru
1658 853 1704 907 se
1730 841 1769 906 et
1794 830 1961 908 ecclesia
1977 827 2119 906 Wrot

424 939 592 1044 predicta
623 935 820 1012 obtinuisse
853 944 1062 1027 nuscuntur,
1088 935 1123 1010 in
1151 936 1312 1010 omnibus
1337 935 1416 1010 suis
1441 933 1635 1024 mnoribus,
1663 935 1875 1025 sentenciis,
1911 934 2055 1035 punctis
2080 943 2121 1012 et

426 1041 619 1133 clausulis,
653 1038 702 1116 de
728 1040 840 1116 verbo
865 1037 915 1114 ad
939 1040 1105 1129 verbum,
1137 1050 1242 1140 prout
1267 1039 1406 1139 scripta
1436 1061 1503 1114 sen
1535 1039 1672 1140 scripte
1697 1049 1798 1129 sunt,
1833 1061 1882 1114 ac
1913 1039 1947 1112 si
1970 1049 2120 1114 noces

427 1148 576 1224 nmmum
602 1141 650 1220 de
677 1144 789 1219 verbo
821 1141 870 1217 ad
903 1143 1048 1218 verbnm
1074 1143 1303 1243 presentibus
1335 1142 1461 1218 inserti
1487 1142 1749 1234 consisterent,
1776 1141 1927 1218 eciamsi
1947 1146 2034 1240 jure
2057 1139 2121 1218 vel

427 1247 688 1330 mnsuendme
714 1244 763 1322 de
793 1247 885 1346 ipsis
912 1271 979 1323 seu
1005 1257 1131 1322 tenore
1161 1248 1318 1348 ipsorum
1350 1243 1503 1323 deberet
1533 1246 1569 1320 iu
1595 1246 1824 1346 presentibus
1856 1243 1905 1322 de
1930 1246 2042 1322 verbu
2067 1241 2119 1320 ad

425 1355 570 1430 verbum
603 1351 680 1427 lieri
706 1349 845 1426 mencio
871 1349 1066 1450 specialis,
1100 1351 1316 1426 auctoritate
1349 1349 1453 1450 regia
1483 1349 1663 1426 Bnenie
1696 1373 1743 1426 ac
1777 1347 1826 1426 de
1861 1361 1964 1426 certa
1994 1359 2128 1424 nuens·

267 1545 272 1553 ¹
426 1456 591 1534 sciencia
616 1455 866 1556 approbamus,
892 1453 1121 1544 ratificamus,
1146 1454 1356 1530 innovamus
1374 1465 1412 1530 et
1429 1453 1689 1542 confirmamus,
1717 1463 1755 1526 ut
1771 1453 1957 1554 perpetuis
1973 1453 2121 1528 inantea

325 1651 330 1658 Ι
426 1560 643 1662 temporibus
669 1559 775 1632 robur
801 1557 984 1633 obtineant
1009 1557 1195 1652 firmitatis,
1222 1557 1468 1660 promittentes
1495 1557 1611 1634 eciam
1638 1579 1702 1657 pro
1728 1557 1844 1648 nobis,
1870 1553 2068 1632 heredibus
2081 1567 2121 1631 et

427 1662 707 1742 successoribus
733 1661 879 1751 nostris,
905 1661 1054 1760 regibus
1072 1661 1265 1753 boemie,
1292 1661 1408 1736 animo
1436 1661 1580 1737 siucero
1607 1673 1646 1736 et
1663 1657 1847 1736 bonafide
1867 1659 2021 1760 prelatis
2039 1659 2120 1759 epi-

425 1791 541 1870 scopo
573 1777 612 1840 et
643 1763 800 1866 capitulo
834 1764 973 1839 Wrat.
1014 1764 1179 1840 ecclesie
1212 1787 1352 1842 necnon
1383 1763 1663 1840 successoribus
1696 1787 1816 1840 corum
1850 1764 2117 1864 imperpetuum,

425 1873 527 1974 ipsus
554 1877 782 1944 manutenere
808 1892 962 1968 semper,
989 1892 1036 1944 ac
1061 1868 1314 1946 inviolabiliter
1339 1879 1377 1946 et
1399 1867 1537 1944 illibate
1563 1891 1713 1944 servare
1744 1865 1946 1968 privilegia,
1976 1865 2115 1958 literas,

420 1979 518 2075 jura,
545 1970 705 2072 grecias,
732 1971 932 2060 libertates,
958 1971 1171 2048 emunitates
1197 1983 1235 2048 et
1259 1970 1512 2071 indulgenciss
1539 1968 1741 2070 hujusmodi
1765 1971 1951 2073 ipsumque
1969 1969 2119 2070 episco-

426 2104 519 2180 pmn,
547 2075 757 2166 ecclesiam,
784 2074 976 2174 capitulum
1002 2085 1040 2150 et
1058 2075 1191 2150 clenrm
1215 2076 1418 2152 secularem
1444 2071 1629 2177 predictos
1647 2085 1774 2152 contra
1796 2097 2039 2173 quoscumque
2055 2096 2117 2148 re·

427 2205 516 2281 ges,
544 2178 679 2269 duces,
707 2178 875 2267 comites,
904 2178 1077 2268 barones,
1105 2187 1295 2278 tyrannos,
1323 2177 1560 2279 spoliatores,
1592 2178 1862 2268 molestatores,
1888 2177 2118 2276 injuriatores

426 2297 465 2360 ct
489 2284 759 2386 perturbatores
784 2303 923 2372 eornm,
950 2284 1198 2379 cujuscunque
1224 2277 1448 2356 condicionis
1474 2295 1536 2356 ant
1562 2291 1681 2356 status
1699 2281 1893 2372 extiterint,
1921 2278 2118 2356 defensare

426 2411 474 2465 ac
498 2389 601 2489 ipsos
628 2397 665 2461 ct
689 2385 845 2485 ipsorum
873 2384 977 2471 buna,
1003 2393 1133 2474 terras,
1160 2393 1290 2459 matum
1317 2395 1355 2460 ct
1373 2389 1460 2483 juna
1482 2383 1684 2462 defendere
1707 2397 1746 2460 et
1762 2386 1901 2484 absque
1918 2382 1994 2459 doli
2011 2405 2117 2459 scru-

451 2491 510 2566 nlo
536 2511 768 2576 conservare,
796 2497 982 2586 postquam
1006 2487 1292 2587 perceperimus,
1320 2511 1387 2564 eos
1413 2499 1475 2562 aut
1499 2489 1654 2588 ipsorum
1680 2488 1820 2588 aliquos
1846 2487 2013 2588 spoliari,
2039 2509 2118 2562 uto-

425 2517 553 2670 lestari
579 2603 641 2668 aut
671 2590 870 2691 perturbari
895 2590 930 2664 in
962 2591 1148 2690 personis,
1184 2593 1294 2666 rebus
1325 2591 1387 2667 vel
1407 2593 1550 2691 juribus
1582 2592 1738 2692 ipsorum
1765 2589 1826 2666 vel
1851 2592 1943 2691 ipsis
1967 2587 2116 2689 injurias

424 2695 588 2794 irrogari,
615 2707 679 2768 aut
700 2703 889 2794 postquam
913 2694 983 2794 ipsi
1009 2694 1071 2769 vel
1096 2694 1206 2794 aliqui
1231 2695 1388 2798 ipsorum
1420 2695 1524 2770 nubis
1556 2695 1693 2795 spolia,
1728 2695 1932 2788 molestias,
1966 2695 2116 2793 injurias

427 2811 467 2876 et
490 2798 786 2900 perturbationes
810 2797 967 2896 ipsorum
991 2797 1245 2892 intimaverint,
1280 2824 1305 2873 a
1329 2799 1433 2872 nobis
1458 2799 1518 2876 vel
1553 2799 1686 2875 uostris
1712 2797 1909 2876 heredibus
1940 2809 2003 2873 aut
2028 2819 2115 2874 suc·

427 2902 639 2980 censoribus
665 2901 845 2976 Boemie
869 2901 1017 3002 regibus
1043 2901 1213 2976 auxilinm
1238 2902 1478 3003 postulantes.
1530 2902 1770 2978 Promittimus
1794 2903 1909 2978 eciam
1928 2903 2113 3002 episcopo,

427 3002 591 3083 ecclesie
626 3014 664 3080 et
695 3003 853 3104 capitulo
884 3001 1078 3104 predictis,
1118 3007 1330 3105 pronubis,
1371 3003 1567 3081 heredibus
1601 3019 1639 3082 et
1671 3006 1951 3084 successoribus
1984 3003 2115 3080 uostris

425 3109 607 3185 Buemie
638 3108 787 3205 regibus
820 3109 915 3183 bona
944 3105 1036 3200 tide,
1072 3107 1169 3207 qnod
1194 3109 1423 3210 episcopum,
1458 3109 1673 3199 ecclesiam,
1701 3109 1894 3210 capitulum
1920 3120 1958 3184 et
1984 3109 2117 3186 clem

425 3213 630 3290 secularem
658 3211 816 3290 civitatis
842 3221 880 3286 et
905 3208 1081 3312 dyocesis
1108 3213 1250 3287 Wrat.
1278 3237 1417 3289 necnon
1443 3237 1686 3314 quoscumque
1712 3213 1855 3313 laycos,
1882 3237 2003 3288 eornm
2028 3212 2116 3288 sub-

426 3307 524 3392 ditcs
548 3316 584 3390 in
611 3315 714 3390 bunis
746 3314 911 3390 ecclesie
943 3317 1205 3404 consistentes,
1240 3315 1337 3392 nullo
1361 3341 1522 3415 nmquam
1548 3327 1707 3418 tempore
1739 3315 2021 3416 aggravabimus
2045 3337 2116 3392 ex·

426 3419 656 3507 accionibus,
675 3417 818 3510 talliis,
851 3417 1113 3509 solucionem,
1148 3419 1332 3510 collectis,
1366 3421 1604 3520 peticionibus
1629 3421 1875 3520 pecuniarum,
1907 3419 2118 3511 animalium,

427 3545 659 3610 aunonenrm,
694 3521 920 3613 servitutum,
955 3519 1179 3597 vecturarum
1205 3523 1266 3599 vel
1291 3523 1440 3598 aliarum
1465 3524 1688 3622 origenismum
1715 3549 1782 3600 seu
1814 3524 2116 3624 parangariam,

426 3647 638 3804 qppiqunqne
665 3625 1058 3802 censeantptqllrmmpne,
1090 3637 1153 3803 qut
1177 3623 1506 3805 delacerrsibupfvpl
1532 3627 1755 3805 staciunqpus
1788 3625 1836 3805 qd
1862 3627 1971 3804 villals
1997 3637 2036 3748 et
2059 3625 2116 3702 al·

600 3749 792 3819 recur,·c
841 3755 852 3800 ι
905 3753 929 3813 ι,
963 3753 1100 3805 cene
1150 3753 1313 3806 eccesie
1365 3755 1403 3807 re
1431 3755 1577 3807 reorum
1629 3757 1673 3807 se
1741 3755 1831 3806 oxa
1880 3753 1982 3808 nne
2021 3753 2116 3806 om

427 3749 743 3952 nmmlptenoies
767 3753 860 3932 ipvslis
886 3832 1100 3954 auctoritate
1125 3832 1229 3931 regia
1253 3756 1439 3954 Buepmie
1472 3785 1621 3926 merari,
1656 3757 1797 3936 plerlam
1823 3757 1878 3912 etp
1886 3755 2116 3910 omnibonus·

425 3931 1654 4141 tumltu?lttttrrdltnnbltt?”nituisti
1679 3939 2117 4144 rebelli&

425 4139 621 4239 infringere
642 4140 703 4215 val
730 4139 765 4215 ei
791 4142 917 4238 quovis
943 4165 1034 4216 ansn
1062 4144 1251 4218 temerario
1278 4146 1467 4222 contraire.
1521 4143 1670 4243 Signum
1698 4145 1921 4221 serenissimi
1946 4144 2118 4246 principis

428 4253 466 4318 et
498 4241 628 4318 donnini
654 4240 783 4318 domini
808 4244 970 4320 Karoli
1003 4247 1117 4345 quarti
1143 4247 1431 4324 Romanorum
1461 4249 1686 4350 imperatoris
1711 4247 1934 4326 invictissimi
1964 4259 2004 4324 et
2034 4249 2117 4348 glo·

427 4345 616 4422 nusissimi
641 4346 824 4422 Bucrnie
857 4347 958 4447 regis
974 4347 1012 4438 ¹).
1074 4347 1215 4426 Testes
1241 4351 1349 4450 bnjns
1374 4353 1428 4428 rei
1460 4363 1543 4426 sunt
1567 4352 1798 4428 venerabiles
1824 4353 2052 4427 Aruestus
2083 4375 2115 4427 s.

427 4447 683 4552 Prageusis
710 4445 873 4526 ecclesie
900 4451 1210 4554 archiepiscopus,
1237 4455 1474 4531 Jobaunes
1501 4454 1867 4546 0lornnctensis,
1895 4455 2117 4531 Albcrtus

428 4547 1100 4632 Swerinensiset'lbeodricns
1116 4553 1623 4637 lllindensisecclesiarum
1640 4559 1815 4659 episcopi,
1832 4557 2117 4635 illustresWil·

428 4647 603 4728 belmus
628 4655 786 4731 marchio
812 4651 1100 4758 blysnensis,
1127 4661 1273 4737 Bolku
1300 4660 1687 4754 Swidnicnensis,
1715 4659 1953 4741 Conrades
1978 4655 2118 4738 Olen-

427 4753 681 4851 niczensis,
716 4759 1063 4838 Wencneslaus
1096 4775 1134 4840 et
1165 4763 1443 4844 Ludowicus
1475 4765 1837 4865 Ligniczenses,
1872 4767 2118 4867 Praemys-

472 4975 507 5056 l)
532 4971 610 5038 llier
629 4975 848 5044 steht-Kaiser
870 4977 967 5046 Karls
986 4981 1040 5048 lv.
1062 4983 1297 5076 Monogrpmm.
