4634 5762
708 509 920 584 Urinam
969 509 1198 585 HXXW.
1228 511 1433 584 LXXXV:
1866 515 1918 596 η

223 709 342 786 adon
367 709 672 787 ento-noso
695 709 923 814 rpiaoqu,
955 711 1082 811 βαι
1107 711 1222 790 οἶαι
1245 724 1392 792 mou
1415 715 1559 792 litteren
1582 713 1766 818 ὰιὶῄιω
1791 725 1830 796 'et

224 813 317 890 alios
342 812 498 904 moos,
525 813 558 888 si
582 821 673 914 quas
694 813 842 892 bebetis
866 815 928 892 rel
949 814 1259 916 baberupotestis
1283 815 1467 895 bicallem
1483 819 1598 911 curia,
1625 847 1704 897 cum
1722 823 1815 898 omni
1885 824 1919 891 '-

223 916 360 1016 gendo
371 929 413 994 ot
428 927 560 994 conam
577 917 665 994 totis
675 919 816 994 ¹'ritibus
830 917 931 1019 opud
947 917 1075 996 sedem
1091 920 1336 1020 apostoticam
1344 921 1543 1014 insistatis,
1570 931 1619 1016 ut,
1646 951 1748 1026 quom
1772 927 1919 1027 primun

223 1021 303 1097 fieri
325 1020 474 1121 poterit,
510 1021 631 1121 ipsum
659 1023 838 1098 arbitrium
869 1029 936 1124 per'
959 1021 1112 1100 eandem
1138 1021 1265 1100 sedern
1289 1049 1340 1101 ex
1369 1037 1473 1102 certa
1493 1027 1658 1104 sciencia
1681 1031 1918 1122 confirmetur,

225 1123 309 1223 quia
337 1123 565 1224 quamplures
589 1137 760 1202 meunt
788 1137 831 1202 et
854 1123 1007 1202 creduut
1030 1126 1175 1205 fiimiter
1200 1125 1298 1228 apud
1314 1133 1399 1222 rios,
1424 1129 1484 1229 qui
1502 1129 1628 1206 fovent
1643 1144 1780 1232 partem
1798 1133 1917 1226 ducis,

226 1225 321 1328 quod
337 1227 406 1302 nisi
423 1228 492 1302 sub
510 1227 608 1304 bulla
623 1226 755 1304 dniui
771 1241 1065 1332 papeappureat
1077 1229 1173 1306 idem
1191 1230 1388 1324 eibitriurn,
1413 1231 1528 1332 ipsum
1546 1229 1676 1312 ducem
1694 1234 1918 1336 aliquomodo

224 1353 295 1406 neu
318 1331 507 1428 astringat.
545 1329 696 1408 instet'n
717 1333 833 1409 ecidin
851 1332 1015 1423 viriliter,
1042 1344 1081 1408 ut
1104 1343 1218 1434 super
1238 1335 1421 1410 contentis
1439 1337 1477 1412 in
1501 1345 1625 1412 tenore
1650 1337 1765 1438 ipsius
1783 1340 1918 1416 arbitrii

225 1435 272 1512 ab
290 1431 420 1510 eadem
436 1433 538 1510 coria
555 1432 661 1512 denrr
675 1437 831 1537 pervigil
848 1447 887 1512 et
902 1435 1084 1538 propicius
1106 1438 1211 1512 uobis
1227 1448 1268 1514 et
1283 1451 1406 1516 nostre
1431 1439 1595 1516 ecclesie
1613 1453 1806 1534 executor,
1834 1443 1918 1543 quie

225 1537 295 1614 uisi
312 1537 384 1613 hec
402 1561 473 1636 que
492 1539 717 1638 premisimus
740 1541 888 1616 obtenta
904 1539 1051 1632 suerint,
1077 1540 1195 1640 ipsum
1217 1541 1414 1634 arbitrium,
1442 1540 1538 1642 quod
1562 1540 1714 1622 deberet
1738 1568 1828 1621 csse
1851 1570 1917 1646 pro

225 1637 385 1717 remedio
404 1653 441 1716 et
456 1640 623 1718 libertate
641 1643 919 1735 ecclesiastice,
947 1643 1015 1718 erit
1030 1644 1134 1720 nobis
1159 1654 1197 1720 et
1214 1645 1279 1722 toti
1296 1645 1396 1721 clero
1413 1655 1588 1746 perpetua
1605 1647 1770 1724 confusio
1794 1659 1833 1726 et
1850 1671 1917 1726 ec·

226 1743 377 1823 clesiam
394 1741 537 1844 peritus
554 1742 736 1839 destruet,
763 1746 816 1822 ita
832 1743 928 1847 quod
945 1746 1039 1824 ultra
1055 1771 1124 1824 non
1141 1745 1277 1825 adiciet
1293 1758 1334 1823 ut
1347 1757 1528 1848 resurgat.
1580 1747 1634 1824 Et
1653 1750 1794 1844 scietis,
1821 1749 1918 1851 prod

225 1845 318 1924 dom.
338 1845 415 1922 dux
431 1847 534 1924 mittit
550 1845 599 1922 ad
617 1850 750 1926 coriom
773 1849 979 1950 magistrum
997 1848 1272 1941 Ludwionm',
1298 1853 1361 1950 qui
1383 1850 1495 1929 debet
1517 1851 1635 1952 ipsum
1659 1854 1836 1932 arbitrium
1859 1855 1917 1930 in·

225 1975 405 2052 pugnare,
431 1951 493 2028 vel
515 1950 611 2028 sorte
635 1964 674 2028 ut
697 1952 838 2052 aliquos
856 1951 1009 2052 judices
1033 1955 1192 2132 optineat
1215 1965 1332 2030 extra
1345 1955 1495 2044 curiam,
1524 1979 1646 2032 corarn
1661 1958 1790 2056 quibus
1806 1981 1918 2060 super

225 2055 308 2156 ipso
330 2055 475 2131 arbibio
499 2055 872 2154 questoxvontttetor,
898 2055 959 2156 qui
981 2056 1050 2132 sii
1078 2081 1134 2134 em
1156 2057 1335 2132 arbitrium
1357 2059 1556 2158 inpugnare
1579 2059 1736 2138 incuria
1751 2061 1916 2154 voluerit,

225 2159 380 2246 inventis
396 2158 573 2258 aliquibus
584 2159 806 2260 jurisperitis
824 2171 863 2238 et
877 2157 1046 2236 fidelibus
1064 2160 1123 2259 qui
1139 2183 1211 2236 non
1226 2161 1513 2260 prevariceutur,
1539 2162 1576 2238 iu
1597 2164 1752 2264 negocio
1770 2165 1918 2242 viriliter

225 2261 426 2351 resistatis,
453 2273 630 2340 caventes
647 2263 818 2356 maxime,
845 2287 894 2340 ne
908 2287 1021 2363 super
1037 2263 1181 2339 arbitrio
1201 2263 1344 2364 questio
1369 2274 1475 2341 extra
1497 2267 1630 2342 curiam
1656 2267 1832 2368 aliquibus
1851 2273 1917 2368 ju-

179 2407 182 2412 *
226 2363 367 2442 dinibus
392 2365 644 2458 eoumrittatur,
678 2367 763 2466 quia
785 2376 871 2444 tunc
894 2367 1021 2443 mortui
1044 2377 1212 2444 essemus
1237 2377 1276 2442 et
1300 2367 1466 2444 ecclesia
1488 2369 1639 2469 periret,
1668 2395 1748 2448 cum
1771 2383 1918 2472 propter

225 2469 428 2572 poteudm
458 2467 574 2570 ipsius
597 2467 705 2546 ducis
727 2469 847 2546 nullus
869 2469 931 2546 vel
959 2479 1136 2570 tanquam
1164 2468 1368 2548 advocatus
1392 2495 1460 2548 sen
1486 2483 1696 2573 procuretur
1724 2499 1790 2576 pro
1811 2485 1917 2576 parte

226 2572 392 2650 ecclesie
405 2595 527 2648 wcorum
544 2572 677 2648 talibus
687 2571 875 2672 judicibus
892 2570 1046 2650 auderet
1061 2597 1262 2675 proponere
1280 2571 1414 2673 aliquid
1432 2584 1494 2650 aot
1512 2575 1628 2652 eciam
1645 2576 1820 2676 allegare.
1864 2577 1918 2654 Ill

226 2677 387 2776 quoniam
410 2676 447 2752 in
471 2677 650 2768 curribus,
690 2675 725 2750 in
751 2676 879 2776 quibus
902 2699 1113 2778 possumus,
1146 2701 1216 2752 rus
1245 2675 1472 2754 intendimus¹
1485 2678 1669 2772 relevere,
1711 2681 1917 2780 magistrun

224 2781 400 2856 Petrum
426 2779 652 2879 copolleoum
675 2789 715 2856 et
736 2779 908 2856 notarium
930 2789 1105 2871 nostrum,
1133 2779 1634 2881 exhibitorem'preseneium,
1670 2784 1728 2882 qui
1751 2783 1918 2885 predicta

225 2884 382 2982 negocia
402 2883 555 2983 propriis
580 2884 771 2984 prospexit
794 2881 912 2960 ocubs
937 2893 975 2960 et
1003 2883 1166 2960 manibus
1192 2885 1448 2976 contrectavit,
1475 2883 1526 2960 ad
1548 2910 1617 2962 vos
1639 2888 1917 2980 transmittimus,

225 2997 263 3064 ut
280 3011 328 3063 ea
344 3010 414 3087 que
429 2985 593 3062 scribere
610 3011 682 3062 non
695 2986 873 3087 potuimus
888 2987 996 3064 vobis
1011 2987 1149 3062 referat
1163 2987 1249 3062 uiro
1264 3011 1360 3064 voce
1383 2999 1422 3064 et
1439 2997 1478 3062 ut
1492 2987 1529 3062 in
1546 2987 1616 3063 biis
1635 2998 1673 3064 et
1697 2989 1781 3065 aliis
1799 3013 1917 3089 nego·

224 3297 344 3372 tucius
362 3215 545 3374 orditus
559 3247 624 3374 r'es
641 3297 778 3398 geritur
800 3321 867 3398 per
890 3217 1114 3396 duosgquam
1136 3247 1330 3398 peiurium
1356 3306 1394 3372 et
1417 3295 1515 3397 q'uod
1538 3322 1564 3372 a
1578 3296 1737 3399 pluribus
1761 3221 1918 3398 qudlritur

223 3399 370 3476 facilius
399 3399 578 3476 invenitor
610 3411 649 3478 et
676 3410 823 3502 propter
845 3400 938 3476 abus
962 3397 1131 3476 diversos
1161 3424 1294 3492 casus,
1327 3399 1424 3477 sieut
1447 3400 1659 3500 oontogere
1692 3401 1788 3480 solet
1817 3403 1918 3480 oica

224 3527 378 3625 corpora
399 3515 546 3606 propter
568 3501 809 3626 egritudines,
843 3529 914 3628 que
942 3504 1113 3580 insistere
1140 3503 1307 3625 negociis
1336 3503 1527 3626 prohibent
1555 3515 1702 3626 prqpter
1729 3504 1917 3629 molestias

224 3617 542 3788 lilim
554 3606 1918 3812 tt.‚stittbd?”tittlt‘ttt'tolttt‘t‘ttttttt

225 3813 391 3894 codesia
418 3814 454 3890 io
478 3813 581 3892 curia
604 3823 808 3890 remaneret
829 3811 1062 3914 quoadusque
1088 3811 1159 3892 deo
1190 3812 1389 3914 adjuvante
1418 3813 1576 3914 negocia
1606 3825 1731 3892 nostra
1752 3816 1826 3892 fine
1847 3839 1917 3992 quo

225 3915 319 3996 dens
335 3917 489 3996 voluerit
505 3917 744 3993 terminentur.
797 3917 930 3995 Datum
948 3915 1232 4010 Otmucbow,
1258 3915 1409 4003 kalend.
1435 3917 1570 3995 mensis
1585 3918 1702 4010 Jonii,
1729 3942 1823 3994 enno
1873 3941 1916 3992 o·-

224 4022 305 4098 nn
322 4017 592 4145 noonxxn
608 4029 745 4120 quon.
879 4031 883 4040 ·

328 4433 563 4534 Tio(umas)
590 4431 626 4513 d
645 4455 699 4532 gr.
719 4439 792 4510 etc.
817 4427 953 4508 dilecto
969 4429 1006 4506 iu
1023 4427 1173 4506 choslo
1189 4429 1291 4508 fratri
1307 4429 1481 4530 magistro
1507 4439 1547 4507 et
1561 4425 1701 4506 domino
1718 4428 1745 4504 J
1752 4427 1918 4506 ubanni
1935 4455 2068 4506 cxxxv.

224 4523 416 4612 Milonis
441 4537 616 4614 canonico
640 4546 715 4614 *etot
767 4533 1028 4635 bogroommur
1049 4531 1172 4625 robis,
1199 4531 1296 4634 quod
1320 4543 1446 4610 nostra
1467 4543 1506 4610 et
1530 4531 1695 4610 ecclesie
1710 4541 1834 4610 nostre
1850 4555 1918 4610 ue·
1953 4535 2057 4660 '¹2⁴3'

224 4640 353 4740 gocia,
380 4641 504 4716 matris
520 4649 664 4733 vestre,
691 4649 856 4742 quantum
873 4637 978 4715 vobis
996 4646 1057 4714 est
1071 4635 1247 4738 possibile
1263 4636 1500 4739 promovetis,
1528 4637 1623 4712 sicut
1640 4659 1690 4711 ex
1707 4645 1831 4712 tenore
1849 4660 1917 4712 ve·
1970 4643 1977 4660 “
2059 4645 2066 4660 ·

224 4757 356 4819 trarum
377 4743 573 4821 litterarum
597 4743 701 4820 nobis
725 4741 914 4824 didicimus
938 4741 1080 4844 plenius
1105 4737 1337 4836 directarum,
1363 4741 1544 4842 inquibus
1568 4739 1684 4816 eciam
1708 4741 1811 4815 nobis
1826 4739 1919 4816 inter

226 4858 353 4924 cetera
379 4847 614 4944 sentiebatis,
654 4857 693 4923 ut
716 4847 868 4948 aliquem
894 4854 1159 4949 procuratorem
1185 4867 1266 4922 cum
1293 4843 1462 4922 mandato
1487 4841 1655 4922 coniecto
1680 4845 1746 4918 sub
1773 4841 1917 4943 sigillis,

223 4961 347 5028 nostro
378 4961 417 5030 et
442 4952 589 5055 capituli
613 4950 726 5030 uosbi
764 4949 813 5028 sd
842 4949 976 5030 curium
999 4947 1234 5044 mitteremus,
1276 4945 1374 5050 quod
1404 4949 1450 5027 ob
1479 4947 1518 5026 id
1547 4973 1615 5026 uos
1645 4943 1825 5026 credimus
1848 4969 1917 5022 vos
