4660 5762
368 565 371 572 -
407 509 485 586 2⁴20
904 505 1115 582 Urbaadax.
1172 505 1387 582 OEXVllI.
1416 505 1588 580 OEXIX.

431 713 548 816 roprio
575 712 754 810 sanguine
778 703 998 786 redemit'se
1024 709 1140 809 ipsum
1165 705 1298 784 edendi
1324 709 1540 810 proclamat,
1566 733 1647 786 cnm
1673 708 1882 786 sanctuaria
1907 719 1946 786 et
1970 710 2099 810 queris

405 742 491 896 lisca
523 816 594 891 sibi
627 814 751 890 dicata
784 825 821 890 et
854 811 1006 914 proximi
1032 809 1271 902 offenduntur,
1300 813 1541 888 venerabite-
1566 823 1702 914 patrem
1732 813 2101 890 Wratinlauien·

408 945 498 999 sem
526 919 734 1019 episcopum
760 939 784 990 a
810 913 903 991 sede
928 915 1073 1016 propria
1099 915 1223 1013 ejecit,
1249 914 1383 990 iuvant
1409 916 1606 992 ecclesiam
1628 921 1711 1016 ejus
1730 939 1776 1000 ac
1793 916 1910 1016 ipanm
1935 925 1974 992 et
1989 939 2103 1015 quos·

409 1023 493 1100 dem
526 1020 721 1098 canonicos
753 1041 800 1095 ac
826 1017 984 1094 clericos
1010 1041 1111 1110 suos,
1145 1040 1235 1116 quos
1267 1015 1378 1094 decet
1411 1016 1562 1094 eundem
1590 1043 1614 1093 a
1639 1019 1869 1118 malignorum
1899 1019 2103 1096 incursibus

409 1125 618 1216 defensare,
645 1123 755 1214 villis,
783 1121 928 1212 castris,
956 1145 978 1196 o
1004 1118 1076 1196 idis
1102 1131 1140 1196 et
1165 1119 1325 1196 omnibus
1350 1121 1455 1221 quasi
1482 1121 1585 1196 bonis
1611 1121 1689 1196 suis
1719 1133 1757 1197 et
1780 1121 1945 1200 ecclesie
1960 1120 2105 1223 prelato

409 1228 568 1307 indebite
586 1226 768 1329 spoliavit,
796 1237 833 1300 et
850 1220 946 1324 quud
989 1223 1183 1300 etestabile
1209 1235 1381 1299 censetur
1407 1234 1445 1300 et
1470 1221 1742 1306 abhorrendum,
1768 1223 1856 1301 licet
1874 1222 2104 1324 jamdudum

411 1331 608 1412 occasione
633 1325 836 1428 bujusmodi
863 1327 1023 1403 extiterit
1049 1326 1437 1404 excommunicacionis
1453 1326 1597 1404 vincrdo
1622 1325 1813 1403 muamus
1839 1337 1878 1404 et
1902 1339 2001 1404 terra
2020 1333 2105 1428 ejus

410 1461 453 1514 su
480 1435 599 1536 posita
623 1433 731 1509 luerit
756 1430 1015 1508 ecclesiastico
1039 1427 1248 1519 interdictu,
1281 1429 1527 1506 nichilominus
1552 1431 1587 1504 in
1614 1430 1683 1504 biis
1717 1453 1960 1532 perseverans
1986 1433 2102 1508 auimo

409 1461 573 1616 induratu
600 1535 731 1612 (livinis
758 1559 802 1611 ae
827 1534 1003 1610 immiscet
1028 1533 1177 1623 officiis,
1211 1532 1339 1609 clares
1373 1533 1537 1610 ecclesie
1561 1531 1802 1635 vilipendens.
1856 1533 2104 1610 intelleximus

409 1651 590 1746 preterea,
618 1637 715 1738 quud
740 1638 847 1713 multo
873 1637 1010 1714 sorcius
1035 1637 1152 1736 tangit
1175 1637 1297 1713 intima
1321 1634 1445 1713 cordis
1469 1636 1594 1726 nostri,
1620 1633 1795 1714 videlicet
1819 1643 1916 1736 quod
1939 1644 2103 1713 numus·

411 1751 541 1822 clerici
567 1749 729 1817 civitatis
756 1755 794 1816 ct
825 1747 994 1838 dyocesis
1020 1747 1137 1814 Wrat.
1169 1739 1311 1840 prefato
1343 1737 1427 1817 duci
1462 1737 1701 1832 adherentes,
1735 1749 1862 1816 contre
1892 1740 2102 1862 episcopam

411 1858 451 1926 et
476 1845 672 1925 ecclesiam
698 1843 896 1946 prelibatus
922 1843 992 1918 sibi
1017 1843 1194 1918 assistunt
1221 1843 1372 1920 consilio
1398 1854 1436 1920 et
1461 1843 1600 1934 favore,
1626 1843 1661 1918 in
1688 1867 1814 1919 mensa
1840 1852 1878 1920 et
1894 1841 2025 1918 drvinis
2042 1843 2102 1918 ut-

409 1950 505 2028 liciis
530 1948 789 2050 participantes
816 1943 951 2038 eidem,
986 1958 1023 2022 et
1054 1946 1142 2022 licet
1171 1945 1291 2020 moniti
1318 1946 1448 2023 luerint
1479 1946 1652 2046 legittime
1677 1971 1744 2047 per
1768 1955 1994 2022 memoratum
2022 1947 2102 2048 epi-

330 2127 336 2137 ,
411 2077 572 2154 scopum,
600 2048 696 2150 quod
721 2051 767 2126 ab
793 2045 997 2147 hujusmodi
1021 2048 1303 2150 participaciune
1335 2073 1383 2126 ac
1415 2049 1615 2126 temeritate
1641 2048 1862 2126 desisterent
1896 2061 1934 2124 et
1959 2047 2103 2132 tandem

411 2181 480 2232 non
508 2154 732 2231 desistentes
759 2151 1145 2229 excommunicacionis
1170 2151 1313 2228 vinculo
1339 2149 1518 2244 innodati,
1550 2152 1796 2230 nichilominus
1822 2152 1948 2228 animis
1972 2177 2103 2254 perse-

410 2268 539 2335 verant
569 2256 761 2348 induratis,
793 2259 923 2356 pejora
953 2253 1130 2354 prioribus
1160 2253 1351 2330 facientes.
1411 2255 1594 2346 Quocirca
1625 2255 1843 2334 discrecioni
1875 2269 1999 2333 vestre
2031 2281 2104 2356 qua

411 2362 588 2461 fungimur
613 2359 828 2436 anctoritate
855 2357 1099 2434 committimus
1125 2368 1163 2433 ct
1187 2355 1407 2450 mandamus,
1434 2371 1622 2460 quatenus,
1650 2360 1683 2434 si
1701 2359 1837 2451 uetita,
1865 2383 1933 2434 ros
1958 2358 2020 2436 vel
2044 2359 2103 2434 al·

412 2475 469 2541 ter
492 2475 652 2540 vestrum
669 2485 794 2538 omnes
812 2473 849 2535 et
867 2460 1031 2560 singulus
1049 2460 1206 2536 clericos
1227 2465 1475 2561 cujuscunque
1491 2462 1767 2564 preeminencie,
1795 2460 2017 2540 condicionis
2035 2485 2103 2540 sen

413 2577 532 2642 status
559 2567 735 2656 existant,
762 2561 943 2640 inducatis
969 2575 1007 2641 et
1033 2563 1233 2641 efficaciter
1258 2566 1451 2657 moneatis,
1479 2577 1517 2639 nt
1540 2564 1634 2640 infra
1659 2575 1793 2642 certum
1820 2565 1999 2642 terminum
2025 2566 2103 2642 eis-

164 2730 170 2736 .
253 2734 255 2740 ,
414 2667 497 2746 dem
523 2666 767 2769 prefigendom
795 2691 819 2742 a
843 2666 965 2756 vobis,
998 2672 1046 2740 ab
1072 2671 1285 2762 hujusmodi
1307 2673 1607 2766 participucioue
1638 2695 1687 2743 uc
1710 2674 1895 2766 predictis
1918 2675 2006 2744 aliie
2030 2673 2102 2744 ab·

414 2779 574 2848 abusum
607 2781 644 2847 et
676 2770 820 2872 penitus
851 2769 1070 2870 resipiscant
1101 2779 1139 2845 et
1169 2781 1395 2846 revertentes
1429 2769 1477 2845 cd
1504 2793 1584 2862 cor,
1619 2769 1669 2845 ad
1694 2771 1825 2872 prelati
1856 2770 1914 2846 sni
1939 2771 2103 2872 episcopi

413 2872 584 2950 mandata
610 2897 690 2950 cum
716 2871 918 2950 devocione
943 2869 1107 2963 redeant,
1134 2873 1203 2948 sibi
1229 2872 1524 2950 satisfaccionem
1551 2897 1744 2972 congruam
1770 2871 1818 2950 de
1838 2871 1948 2950 illatis
1964 2873 2102 2973 injuriis

413 2977 617 3077 impensuri.
677 2974 781 3066 Quod
817 2977 849 3050 si
882 2974 976 3050 sorte
1007 2972 1173 3076 predicta
1204 2975 1332 3052 lacere
1363 2977 1655 3077 contempserint,
1698 3001 1744 3054 ac
1778 2977 2032 3054 monicionibus
2063 2986 2102 3055 et

413 3077 592 3155 mandatis
618 3080 753 3154 restris
778 3077 1007 3177 neglexerint
1032 3074 1197 3171 obedire,
1225 3076 1406 3154 studeatis
1431 3079 1534 3153 nubis
1558 3077 1714 3155 fideliter
1739 3080 1916 3173 iutimare,
1950 3081 2009 3180 qui
2034 3104 2101 3156 cu-

412 3183 569 3259 rabimus
594 3196 720 3259 actore
746 3181 886 3256 domino
912 3179 1087 3256 adbibere
1114 3179 1305 3256 remedium
1331 3191 1547 3283 oportunum.
1582 3183 1715 3256 Datum
1740 3180 1887 3284 Spire,
1914 3182 2002 3258 vll.
2019 3181 2102 3260 idus

353 3332 356 3340 ·
412 3285 646 3376 Decembris,
672 3283 901 3387 pontificatus
926 3281 1056 3358 domini
1081 3283 1230 3358 Honorii
1255 3307 1352 3386 pape
1377 3309 1471 3360 anno
1496 3283 1672 3362 secundo.

252 3694 379 3750 ‘cvm
515 3690 612 3767 Duci
637 3689 1031 3766 Wrutinlauiensi.

250 3759 388 3895 offla,
516 3795 543 3870 J
551 3793 768 3887 ohannes,
801 3793 1039 3870 miseracione
1064 3791 1187 3869 divina
1211 3793 1502 3871 'l'usculunus
1528 3819 1600 3896 ep,
1626 3805 1744 3898 apost.
1772 3794 1853 3874 sed.
1881 3795 1969 3897 leg,
1994 3795 2102 3874 nobili

413 3895 491 3971 viro
516 3897 773 3995 H(enrico)‚
801 3894 886 3972 duci
903 3896 1042 3972 Wrat.
1070 3895 1229 3998 spiritum
1256 3897 1397 3974 consilii
1423 3897 1589 3975 sanioris.
1627 3898 1671 3976 Si
1695 3897 1746 3975 ad
1770 3901 1878 3990 illum,
1905 3911 2009 4002 prout
2032 3924 2101 3976 vos

414 3995 584 4090 deceret,
610 3999 796 4075 haberetis
822 4009 1038 4102 respectum,
1065 3999 1123 4100 qui
1149 3999 1278 4074 nullum
1306 4001 1431 4076 bonurn
1456 4001 1743 4078 irremuneratum
1768 4001 1934 4104 relinquit
1958 4015 1997 4081 et
2020 4003 2102 4082 vel-

413 4101 497 4178 letis
524 4099 642 4178 eidem
668 4100 919 4178 sollicitudinis
946 4100 1065 4178 studio
1092 4103 1334 4204 complacere,
1364 4105 1568 4182 nullatenus
1594 4106 1791 4197 ecclesias,
1816 4105 1878 4206 pia
1901 4105 1988 4184 loca
2011 4129 2103 4184 nec-

412 4227 483 4279 non
509 4217 547 4281 et
571 4205 765 4306 proximum
792 4203 1041 4297 offenderetis,
1074 4231 1197 4282 verum
1229 4217 1328 4282 tanto
1361 4207 1538 4285 libencius
1565 4207 1716 4286 eundem
1746 4206 2007 4286 manutenendo
2033 4207 2102 4286 de-

412 4303 613 4383 fenderetis
643 4310 690 4383 ab
721 4309 923 4385 incursibus
955 4309 1183 4408 malignorum
1217 4319 1348 4408 quanto
1382 4335 1433 4387 ex
1466 4311 1538 4388 boc
1570 4311 1731 4412 possetis
1763 4309 1918 4388 divinam
1932 4313 2102 4411 ¹graciam

412 4410 625 4509 promereri,
657 4413 750 4485 satis
777 4411 880 4504 enirn,
907 4411 965 4511 qui
992 4435 1059 4486 nos
1084 4411 1228 4513 proprio
1254 4415 1530 4512 sanguiue-suo
1555 4413 1724 4508 redemit,
1759 4437 1803 4491 se
1835 4414 1952 4515 ipsum
1969 4411 2102 4492 odendi

412 4510 629 4610 proclamat,
664 4536 743 4588 cum
775 4514 983 4589 sanctuaria
1015 4523 1054 4589 et
1085 4514 1213 4614 quevis
1244 4514 1329 4592 loca
1362 4517 1431 4591 sibi
1449 4514 1588 4614 ¹dicatu
1621 4526 1659 4591 et
1691 4517 1841 4616 proximi
1867 4515 2101 4594 offenduntur.

413 4611 587 4688 Pervenit
612 4613 786 4712 siquidem
812 4613 862 4690 ud
886 4613 1112 4694 audienciam
1138 4625 1312 4708 nostram,
1347 4617 1500 4717 qualiter
1528 4617 1770 4696 venerabilem
1803 4629 1940 4722 patrem
1963 4621 2101 4696 Wrat.

414 4713 791 4894 tltttttttt
809 4715 967 4896 billi
985 4717 1174 4898 llffl‘t·
1187 4719 1446 4897 bttbt
1447 4719 1596 4898 01ῗῖἶιέΙΙΙ
1623 4723 1717 4843 ⁰³³⁵·
1732 4747 1779 4802 ‘⁰
1801 4723 1917 4902 ³le
1934 4731 1973 4900 i*
1989 4746 2102 4843 ‘¹⁰⁰5'

412 4913 482 4993 bus
506 4915 610 4991 bonis
636 4918 714 4994 suis
740 4928 778 4994 et
804 4919 968 4998 ecclesie
992 4845 1140 5024 medad
1164 4845 1325 4998 indebile
1357 4847 1544 5024 spulidtis
1571 4843 2099 5028 ,etuplsuppdpppmbpleoprpp
