4660 5762
386 497 462 574 trs
752 475 963 568 urinum
1001 491 1245 564 'cnxxrrn
1276 490 1487 564 coxxru
1516 489 1706 566 ccxxv.
1830 547 1833 552 Α

382 699 606 781 nnlinnmis
621 695 877 781 oonmnncimn.
892 717 972 770 cnm
998 692 1130 771 salute.
1190 691 1281 772 Ourn
1306 689 1489 772 scandolo
1509 700 1580 770 non
1600 693 1677 770 s'mt
1698 691 1905 794 amplianda
1929 694 2087 798 sedpru'

383 805 519 880 viribus
536 802 665 904 pocius
681 796 937 898 restringenda
960 796 1166 899 paternitati
1187 807 1314 872 nostre
1337 795 1568 897 presentibus
1591 797 1816 886 innoteseat,
1843 797 1979 876 froben
2004 822 2084 878 rnen

384 905 570 1011 provincie
587 905 715 1004 mavia
729 899 921 981 incomoda
938 901 1119 978 emouere
1137 911 1175 976 et
1190 900 1356 976 inmensa
1369 901 1559 1001 obprobria
1570 910 1641 976 tam
1655 900 1800 976 nlnims
1813 925 1919 1000 quam
1930 927 1956 978 a
1966 903 2081 996 clero,
2226 911 2229 928 '

384 1035 466 1088 narn
484 1012 529 1086 ab
547 1007 722 1108 hospiciis
738 1006 975 1105 ignominiose
991 1005 1096 1105 ipsos
1109 1004 1264 1096 eiciunt,
1291 1015 1461 1105 putantes
1478 1001 1528 1080 de
1543 1004 1877 1104 provinoin'vestre
1889 1017 1929 1082 et
1950 1007 2083 1084 Wro-

385 1111 650 1190 tinlauiensi
675 1107 844 1188 custodis
873 1133 941 1185 eos
964 1133 1070 1200 esse,
1088 1141 1091 1148 ·
1106 1106 1294 1198 dicentes,
1325 1105 1423 1207 qnod
1448 1107 1632 1206 generalis
1653 1106 1838 1186 interdicti
1861 1111 2084 1188 sentenciam

385 1241 454 1294 non
480 1218 686 1292 observent.
741 1213 970 1314 Quapropter
990 1212 1242 1313 paternitatem
1258 1223 1417 1288 vestram
1442 1235 1577 1304 exoro,
1602 1209 1857 1291 utsectmdnm
1873 1211 2082 1290 industrium

385 1318 499 1397 odeo
515 1319 620 1392 vobis
638 1315 758 1394 datam
776 1316 898 1392 velitis
922 1313 1115 1392 remedium
1134 1337 1318 1416 apponere
1336 1312 1385 1392 de
1403 1314 1555 1392 consilio
1581 1312 1838 1408 discoctorum,
1866 1317 1950 1416 quin
1972 1342 2080 1419 prop·

385 1435 441 1500 ter
459 1447 606 1498 causam
619 1425 696 1519 jum
714 1419 847 1496 dictam
864 1421 912 1494 ab
929 1419 1126 1498 bominibus
1144 1420 1248 1520 qnasi
1265 1423 1331 1520 por
1349 1471 1385 1496 ..
1407 1471 1447 1492 ..
1484 1429 1698 1518 reputamur.
1751 1419 1857 1519 llogo
1879 1420 2017 1512 eciam,
2043 1432 2082 1496 nt

385 1524 433 1604 de
452 1523 614 1602 dontibus
632 1525 668 1601 in
686 1523 871 1624 Sogane
890 1533 929 1600 et
944 1523 980 1601 in
997 1522 1264 1616 Narnizlow,
1286 1547 1360 1624 que
1378 1523 1413 1600 in
1431 1519 1669 1624 prejudicium
1686 1520 2081 1610 domornmnostranrm

351 1697 353 1700 ,
384 1629 418 1704 in
444 1636 577 1704 uostris
597 1635 763 1702 terminis
787 1637 870 1702 sunt
893 1639 1062 1730 recepte,
1090 1625 1237 1704 faciatis
1263 1627 1367 1704 nobis
1385 1625 1590 1726 justiciam,
1626 1639 1663 1701 nt
1687 1625 1871 1717 tollantur,
1904 1627 2081 1709 namhoc

384 1733 393 1750 '
421 1757 499 1808 sum
516 1743 665 1834 paratus
683 1729 734 1806 fui
750 1755 951 1832 proponere
968 1730 1008 1826 iu
1022 1729 1178 1832 capitulo
1195 1727 1371 1830 generali,
1390 1727 1464 1808 sed
1478 1729 1591 1807 frater
1609 1729 1729 1822 Otto,
1743 1717 1925 1808 discretus
1942 1741 2079 1822 vester,

383 1759 496 1926 dixit,
524 1831 744 1911 commodius
763 1845 800 1910 et
817 1833 963 1910 facilius
989 1857 1078 1910 esse
1104 1832 1327 1911 tractandum
1352 1831 1400 1911 de
1418 1833 1488 1910 hoc
1506 1833 1681 1912 internos
1707 1834 1742 1910 in
1762 1831 1918 1936 capitulo
1937 1835 2080 1934 prouin-

385 1938 481 2016 ciali.
535 1938 672 2016 Valete
697 1938 731 2014 in
757 1933 916 2028 domino,
941 1949 981 2018 et
997 1937 1126 2014 iterato
1132 1948 1242 2118 peto,
1261 1948 1299 2012 ut
1316 1933 1365 2014 ad
1384 1961 1433 2014 en
1448 1961 1518 2036 que
1536 1937 1668 2039 scripsi
1687 1961 1808 2015 curem
1826 1936 1947 2016 velitis
1964 1962 2080 2040 appo·

168 2073 173 2095 ·
244 2131 253 2142 ,
384 2066 471 2120 nere
490 2039 707 2142 diligentem.
759 2041 846 2118 Dat.
866 2037 1104 2132 Rathibor,
1176 2039 1238 2121 ΙΙΙ.
1257 2038 1407 2118 kalend.
1425 2041 1597 2142 Augusti.

217 2473 358 2524 cnxxtv.
488 2454 630 2530 Littera
647 2451 854 2530 securitatis
873 2449 1044 2554 dntaper
1061 2449 1190 2544 ducem
1209 2451 1465 2547 (Henricum
1482 2447 1571 2550 lv.)
1591 2458 1686 2544 tunc,
1714 2448 1856 2550 qnando
1875 2447 1969 2528 doru.
1982 2451 2078 2530 He-

234 2552 333 2676 11225·
385 2555 475 2634 lias
493 2557 625 2632 missus
644 2553 709 2630 finit
726 2553 775 2630 ad
792 2555 919 2658 ipsum.

251 2661 258 2674 ‘
304 2641 348 2690 '¹¹'
487 2659 667 2736 Noverint
689 2659 864 2751 universi,
898 2668 1090 2760 presentes
1116 2667 1154 2736 et
1177 2655 1302 2749 futuri,
1335 2680 1478 2756 priorum
1509 2651 1704 2734 audiencie
1724 2679 1879 2758 presens
1910 2662 2078 2758 scriptum

386 2759 587 2854 deferetur,
607 2759 702 2864 qnod
719 2763 1034 2856 nosllenricus,
1054 2760 1161 2862 dgr.
1181 2758 1257 2836 doux
1271 2755 1432 2837 Slenie
1451 2769 1488 2836 et
1507 2755 1599 2842 dom.
1616 2759 1771 2854 Wrat.,
1790 2755 1916 2848 damus
1934 2773 1971 2836 et
1989 2785 2077 2838 con·

386 2864 549 2944 cedimus
567 2865 707 2942 nunciis
725 2865 943 2952 venerabilis
961 2866 1087 2966 patris,
1106 2863 1199 2942 dom.
1214 2861 1382 2942 Thone
1400 2887 1422 2940 e
1449 2859 1628 2954 ‚Wrat.,
1647 2887 1880 2964 quoscunque
1897 2859 2078 2942 decreve-

385 2965 430 3045 rit
447 2967 651 3062 destinare,
676 2968 819 3089 plenam
838 2981 875 3046 et
893 2966 1123 3048 omnimodam
1142 2967 1373 3046 securitatem
1463 2990 1531 3043 nos
1548 2964 1735 3060 veniendi,
1764 2963 1885 3044 standi
1908 2979 1945 3044 et
1969 2992 2077 3046 rece·

385 3067 513 3164 dendi,
540 3071 655 3148 salvis
679 3097 837 3176 ipsorum
859 3073 970 3150 rebus
996 3074 1156 3152 omnibus
1180 3083 1217 3148 et
1240 3071 1407 3172 personis
1435 3095 1514 3146 cum
1540 3070 1632 3146 omni
1649 3081 1752 3170 quam
1770 3094 1895 3147 secum
1912 3068 2079 3150 drrxerint

386 3175 563 3254 comitiva
614 3173 656 3250 ln
671 3180 787 3274 cujus
813 3175 866 3254 rei
889 3177 1124 3276 testimouium
1143 3186 1180 3250 et
1191 3174 1376 3252 seutdom
1396 3183 1589 3276 presentes
1606 3173 1747 3249 litteras
1765 3173 1875 3252 scribi
1887 3173 2077 3274 jussimus,

386 3279 498 3354 nostri
515 3279 626 3377 sigilli
643 3279 827 3358 munimine
845 3281 1044 3356 roboratas.
1096 3277 1183 3356 Dat.
1201 3277 1356 3380 Wrat.,
1383 3302 1418 3357 a.
1437 3275 1473 3352 d.
1500 3273 1768 3356 necem
1794 3283 1931 3376 quinto,
1958 3277 1993 3356 in
2019 3277 2078 3358 die

234 3398 352 3468 ussup
387 3377 436 3459 ad
453 3381 599 3460 vincula
616 3383 650 3458 b.
670 3383 781 3474 Petri,
809 3395 894 3485 post
911 3381 1003 3462 diem
1022 3385 1057 3463 b.
1076 3381 1194 3462 iliaris
1211 3381 1360 3484 virginis
1377 3405 1469 3458 nunc
1487 3391 1669 3458 renonum
1692 3379 1920 3482 presentibus
1943 3383 2080 3464 minime

387 3483 561 3562 valituris.

230 3899 360 3950 CLXXV·
491 3897 587 3970 Istos
604 3904 782 3972 articulos
797 3903 961 3994 portavit
978 3893 1071 3970 dom.
1091 3893 1251 3970 Helias
1269 3889 1362 3968 dom.
1382 3890 1487 3985 duci,
1515 3918 1595 3971 cum
1612 3895 1746 3970 missus
1763 3905 1867 3971 esset
1883 3891 1933 3970 od
1949 3897 2075 3996 ipsum.

236 3979 350 4120 Affi·
491 3995 598 4074 Sciat
614 3996 776 4074 dominus
793 3999 918 4100 prince
944 4025 981 4092 s,
1010 3996 1105 4098 qnod
1129 3997 1310 4091 ecclesia,
1337 4021 1407 4096 qne
1424 4023 1599 4096 nunquam
1616 3995 1856 4090 discordavit,
1883 3995 1952 4074 sed
1979 4021 2077 4076 sem·

386 4123 453 4204 per
468 4101 630 4200 injuriam
648 4102 815 4177 sustinuit
831 4027 1006 4195 etadbuc
1025 4101 1179 4178 sustinet
1197 4113 1234 4176 et
1250 4124 1317 4176 nos
1336 4100 1474 4178 nornine
1498 4101 1613 4203 ipsius
1630 4125 1759 4204 pacem
1783 4125 1926 4202 semper
1942 4101 2076 4178 dilexi·

387 4227 465 4280 mus
483 4215 520 4280 et
537 4201 658 4281 adhuc
677 4201 857 4306 diligimus
876 4211 912 4282 et
930 4215 1110 4308 optamus,
1138 4202 1219 4280 dum
1236 4214 1355 4287 tamen
1373 4215 1459 4281 ente
1476 4204 1593 4280 omnin
1609 4205 1682 4280 ista
1699 4205 1795 4280 fiant.

287 4323 371 4396 (tt)
491 4305 609 4383 Primo
636 4307 727 4384 enirn
750 4307 919 4410 petimus,
953 4333 1020 4386 nos
1046 4323 1083 4386 et
1107 4307 1305 4386 ecclesiam
1329 4320 1485 4384 nostram
1509 4307 1649 4384 restitui
1673 4309 1824 4399 castris,
1860 4305 2075 4399 civitatibus,

386 4409 494 4502 villis,
522 4413 837 4511 possessionibus,
863 4437 933 4488 non
951 4413 1065 4488 solnm
1081 4413 1117 4486 in
1135 4411 1310 4488 territorio
1326 4411 1523 4488 Ninensi
1546 4423 1584 4486 et
1608 4409 1983 4488 0tmuchoniensi
2007 4409 2078 4488 sed

387 4513 504 4590 eciam
520 4515 721 4630 ubicunqne
739 4515 872 4590 suntin
891 4513 1025 4592 ducatu
1043 4515 1183 4593 Wret.
1203 4539 1283 4592 cum
1300 4514 1460 4591 omnibus
1477 4513 1687 4592 rrblitatibus
1705 4527 1744 4592 et
1753 4515 1909 4615 juribus,
1934 4515 1970 4590 in
1988 4539 2077 4615 quo·

386 4637 461 4690 runt
477 4617 634 4718 pacifica
649 4613 889 4734 possessione
907 4619 1072 4706 ecclesia
1088 4632 1233 4720 semper
1249 4613 1325 4692 fnit

288 4719 317 4786 (l
331 4714 373 4782 2)
491 4716 599 4812 Item,
625 4721 785 4821 prelatos
812 4731 850 4797 et
873 4722 1070 4800 canonicos
1095 4733 1238 4802 nostros
1263 4717 1457 4816 religiosos
1483 4729 1521 4796 et
1538 4717 1690 4812 clerum,
1717 4721 1886 4798 unitatem
1913 4719 2076 4800 ecclesie

387 4815 657 4914 observantem,
685 4823 846 4900 similiter
869 4824 1007 4901 restitui
1032 4824 1185 4926 petimus
1211 4821 1371 4898 onnribus
1389 4821 1703 4922 possessionibus,
1729 4823 1839 4915 villis,
1858 4820 2010 4902 deoinn's
2029 4845 2076 4898 ac

388 4921 470 4998 aliis
487 4924 778 5017 utilitatibns,'iu
795 4948 941 5026 qnorum
956 4927 1113 5028 pacifico
1129 4924 1368 5027 possesdone
1386 4925 1485 5026 prius
1501 4937 1616 5004 estun.
