4660 5762
649 523 859 596 ortanum
916 521 1083 594 cem
1112 519 1301 594 oexm
1331 521 1546 596 OEXVIH.
1868 527 1947 606 219

251 722 409 817 nvidus
434 722 611 800 investire
623 724 660 813 ¹).
716 721 758 797 ln
785 726 893 823 cujus
917 724 970 800 rei
994 722 1232 800 tnunmnn
1265 721 1419 823 sigillum
1448 733 1604 800 nondun
1630 721 1858 826 pesentibns
1884 732 1945 808 lit-

250 825 340 1006 3?
356 823 846 1007 lpiprgpppppxeppptendendnnr.
899 827 1031 902 Deturn
1056 826 1291 920 Rethibor,
1324 825 1496 904 kulendis
1522 828 1728 923 Februarii,
1755 857 1849 908 nuno
1873 833 1945 910 dna

649 930 815 1031 septimo.

354 1336 516 1412 Dominis
541 1334 794 1438 Wlphk'ero
820 1344 858 1412 et
883 1333 1117 1436 Stephano
1144 1336 1330 1413 cononicis
1356 1336 1837 1418 Wretinlouiensibns.
1970 1365 2100 1422 ccxvn.

353 1437 444 1518 cm
471 1437 564 1515 doru.
582 1438 859 1532 Sbronluus,
887 1437 1062 1538 quondum
1087 1439 1293 1540 prepositus
1320 1449 1358 1517 et
1383 1441 1581 1518 cuuorricns
1597 1442 1739 1520 Wrot.
1764 1445 1941 1541 ecclesie,
1993 1449 2071 1520 ¹⁹⁸⁷,

252 1543 412 1643 gesseru
437 1567 481 1619 se
508 1543 609 1620 circu
628 1539 781 1618 condem
806 1541 1003 1620 ecclesiam
1029 1565 1097 1618 non
1124 1553 1162 1616 nt
1185 1543 1281 1618 filius
1307 1541 1378 1620 sed
1402 1544 1599 1645 privignus,
1625 1571 1704 1638 nos,
1731 1548 1790 1646 qni
1807 1550 1943 1648 guber·
1976 1517 2102 1596 ¹³⁰¹*-

250 1671 375 1722 nonus
400 1647 517 1745 ipsum
543 1645 740 1722 ecclesium
766 1643 1019 1738 advertentes,
1053 1643 1150 1746 qnod
1173 1669 1278 1724 neruo
1303 1643 1414 1724 debet
1437 1657 1622 1750 reportare
1648 1649 1866 1726 commodum
1893 1651 1943 1732 de

250 1773 319 1826 n
351 1749 495 1826 malicie
526 1746 595 1825 sed
627 1773 756 1849 penem
789 1750 919 1849 pocius
945 1750 1144 1842 sustinere,
1178 1748 1331 1828 eundem
1363 1748 1538 1826 domim
1570 1749 1838 1829 Sbronloum
1869 1767 1943 1832 torn

250 1851 437 1956 prebendo
462 1877 564 1952 quem
591 1851 819 1954 prepositure
842 1853 926 1952 ipse
950 1877 1090 1930 necnon
1116 1855 1244 1952 grecie
1269 1863 1307 1930 et
1321 1855 1480 1929 omnibus
1497 1854 1606 1946 villis,
1630 1879 1723 1956 quoe
1748 1858 1795 1934 ob
1813 1859 1941 1936 eccle-

250 1957 309 2034 sio
333 1956 446 2033 tonuit
471 1965 509 2031 et
534 1981 560 2030 u
582 1955 698 2045 nobis,
725 1979 792 2055 per
817 1956 1039 2032 sentenciam
1064 1957 1099 2030 in
1126 1957 1272 2058 scriptis
1297 1956 1515 2057 priverinus
1541 1968 1717 2057 tunquam
1739 1960 1837 2037 'nole
1863 1986 1941 2040 rue·

249 2059 351 2136 ritum
376 2071 414 2136 et
437 2059 623 2156 ingratum,
659 2057 768 2132 nobili
793 2058 869 2133 viro
894 2056 1123 2151 Conrado,
1155 2059 1279 2136 inclito
1305 2057 1389 2134 duci
1407 2058 1566 2137 Slezie
1593 2074 1632 2137 et
1657 2059 1751 2138 don.
1777 2061 1826 2140 de
1850 2063 1941 2140 Se-

249 2186 367 2262 gouo
392 2159 579 2262 predictus
605 2161 864 2263 preposituram
891 2174 929 2237 et
944 2159 1163 2264 prehendant
1190 2173 1229 2239 et
1246 2162 1390 2254 euriont,
1417 2187 1520 2262 quom
1537 2162 1633 2240 idem
1650 2162 1744 2242 don.
1765 2164 1939 2244 Sbroz·

248 2265 351 2341 leus
377 2265 500 2356 tenuit,
528 2289 607 2342 curu
636 2263 787 2340 coneilio
814 2264 957 2339 sretnrm
984 2275 1192 2360 nostrorum,
1219 2267 1397 2366 inspectis
1422 2266 1537 2368 ipsius
1564 2265 1670 2344 ducis
1696 2269 1832 2346 meritis
1849 2293 1940 2348 con·

249 2368 429 2459 serentes,
462 2365 557 2444 unde
590 2365 799 2442 mundemus
832 2367 955 2460 vobis,
991 2377 1168 2468 quotenus
1200 2369 1414 2446 convocetis
1439 2369 1586 2447 vicariis
1619 2381 1657 2446 et
1683 2371 1765 2448 uliis
1792 2372 1939 2450 clericis

248 2495 339 2572 quos
372 2470 509 2546 hebere
542 2470 704 2572 poteritis
738 2481 962 2548 memoremur
997 2469 1125 2548 ducem
1159 2471 1194 2546 in
1227 2473 1501 2572 possessionem
1535 2474 1758 2574 corporalem
1782 2475 1940 2576 ipserum
1983 2467 1986 2474 ’

247 2575 474 2676 prepositure
500 2585 537 2649 et
561 2569 746 2674 prebende
771 2573 916 2674 publice
941 2572 1134 2666 inducetis,
1161 2575 1304 2649 stollnrn
1329 2574 1364 2649 iu
1392 2575 1503 2653 choro
1528 2577 1598 2652 sibi
1621 2587 1658 2652 et
1675 2577 1851 2678 prestetum
1873 2603 1940 2657 ou·

247 2679 334 2753 riuru
351 2677 597 2775 assignantes,
625 2674 923 2768 controdictores,
950 2677 983 2752 si
1001 2678 1060 2777 qui
1077 2678 1316 2778 apparuerint,
1343 2679 1558 2756 auctoritote
1574 2691 1699 2755 nostro
1720 2705 1788 2782 per
1805 2705 1940 2758 censu·

249 2803 322 2858 reru
346 2779 643 2856 ecclesiasticum
670 2778 949 2882 compescendo,
975 2803 1045 2856 non
1071 2793 1241 2858 curuutes
1267 2780 1299 2856 si
1324 2780 1454 2880 uliquis
1479 2781 1573 2860 forte
1598 2784 1644 2860 ob
1669 2783 1765 2860 hono
1791 2808 1940 2860 consum

248 2881 521 2985 eppedneiones
546 2882 792 2958 furstroturios
817 2882 1028 2984 interponet.
1062 2885 1195 2960 Dutnnr
1212 2882 1310 2984 opud
1327 2883 1556 2977 Rothibor,
1583 2885 1754 2963 kolendis
1771 2887 1939 2966 Februo·

249 2985 309 3074 rii,
343 3010 436 3062 enno
462 2983 592 3061 donini
617 2983 971 3063 MCCLXXXVH.

351 3393 468 3469 Telos
493 3394 634 3470 littores
660 3393 755 3468 misit
780 3391 872 3470 dom.
899 3393 1063 3492 legatus,
1097 3417 1201 3469 nuum
1228 3391 1369 3470 domino
1396 3391 1495 3471 Ade
1529 3403 1567 3470 et
1592 3345 1764 3494 dugistro
1789 3395 1831 3493 N
1836 3395 1938 3472 ico·

249 3499 324 3574 loo
351 3497 552 3598 capellanis
580 3508 617 3572 et
641 3496 780 3572 nunciis
808 3498 896 3588 soie,
925 3495 1032 3572 client
1059 3493 1144 3572 duci
1172 3497 1330 3589 Wrot.,
1357 3499 1505 3574 tercium
1531 3497 1703 3574 frutribus
1727 3498 1938 3590 Minoribus,

225 3609 408 3701 'quum
434 3600 555 3675 ebbuti
581 3610 619 3675 et
651 3600 843 3676 conventui
870 3599 1075 3676 monosterii
1107 3625 1139 3674 s.
1170 3599 1359 3676 Vincenoii
1392 3612 1430 3677 et
1454 3601 1525 3678 hoc
1559 3625 1625 3702 per
1650 3597 1823 3677 durnuurn
1855 3601 1883 3677 J
1889 3625 1939 3676 o·

248 3703 435 3780 honnent
463 3701 511 3778 de
538 3700 763 3792 Slisow2).

347 3805 502 3883 Domino
527 3802 669 3905 quidem
694 3802 796 3882 Ado
820 3813 860 3882 et
884 3803 1057 3906 rungistro
1080 3803 1282 3882 Nicoloo
1307 3806 1393 3882 sict
1658 3861 1661 3868 .

349 3908 606 4000 Johounes,
634 3907 871 3984 miseracione
897 3905 1020 3984 divine
1045 3906 1242 4008 episcopus
1268 3907 1578 3997 Tusculanus,
1604 3907 1809 4008 apostolice
1835 3903 2099 3982 sedisccxvm.

248 4013 405 4112 togatus,
432 4009 603 4090 diremtio
627 4010 717 4084 viris
742 4011 925 4110 nuginds
948 4008 1048 4087 Ade
1075 4007 1404 4086 Croconieusis
1437 4006 1530 4084 ton.
1557 4031 1653 4110 pope
1679 4021 1718 4086 et
1741 4007 1939 4090 Nicoloo
1973 4000 2077 4128 ,¹3²¹

249 4113 299 4191 de
327 4115 469 4191 Deles
501 4139 534 4190 s.
560 4112 701 4188 Poulini
727 4113 1034 4190 Treverensis
1066 4112 1305 4188 ecelesiarum
1333 4111 1528 4203 cononicis,
1566 4111 1767 4212 copelleuis
1793 4110 1939 4202 nostris,
1990 4109 1998 4127 ‘
2077 4111 2085 4126 '

249 4217 402 4294 solutore
433 4219 469 4292 in
494 4215 645 4292 domiuo
697 4215 868 4294 Pervenit
900 4213 951 4292 od
976 4211 1201 4292 oudiencium
1226 4225 1401 4308 nostrum,
1437 4211 1533 4313 qood
1564 4213 1620 4288 uir
1644 4211 1773 4290 nobilis
1799 4213 1939 4306 H(en··

249 4320 413 4420 ricus),
439 4317 518 4396 dux
543 4319 700 4410 Wrot,
733 4317 783 4396 ud
808 4318 903 4395 illurn
929 4341 999 4394 non
1025 4317 1166 4394 hebens
1196 4328 1419 4420 respectum,
1456 4317 1514 4415 qui
1540 4314 1671 4391 nullum
1698 4315 1823 4390 bonum
1847 4314 1939 4392 irre-r

249 4433 465 4501 muneratum
490 4421 665 4524 relinquid
690 4447 762 4500 nee
787 4422 914 4499 nolunt
939 4422 1055 4500 eeiuu
1072 4421 1284 4524 impunitum,
1312 4444 1382 4498 nec
1405 4416 1656 4508 considerans,
1683 4416 1779 4518 quod
1796 4417 1856 4517 qui
1871 4441 1940 4496 uos
2066 4441 2069 4447 ·

294 4683 328 4758 1)
354 4673 494 4825 §pappi
517 4673 674 4824 ipscippipp
692 4675 776 4822 puch
798 4675 832 4740 in
854 4671 1049 4752 Urkunden,
1074 4695 1110 4738 so
1131 4671 1204 4737 weit
1227 4671 1278 4738 ich
1299 4669 1400 4750 finde,
1423 4692 1501 4736 vom
1521 4669 1574 4734 21.
1597 4669 1666 4732 Oct.
1691 4665 1774 4732 1289
1795 4667 1844 4730 his
1865 4687 1939 4731 zum

372 4808 380 4824 .
492 4805 500 4841 ,
554 4782 568 4823 s
675 4781 712 4824 e.

290 4871 326 4952 ἢ)
354 4869 466 4934 Dieser
487 4889 553 4933 wer
574 4889 647 4933 vom
667 4865 812 4933 Bischofe
834 4867 978 4933 Thomas
999 4865 1030 4932 9.
1053 4865 1123 4933 Oct.
1146 4863 1238 4947 1286,
1266 4865 1305 4929 N.
1329 4863 1437 4941 CCIV,
1465 4883 1505 4927 on
1528 4864 1590 4927 den
1612 4858 1939 4951 Cerdinul-Legoten

355 4951 517 5090 gewhieipt
535 4951 677 5018 worden.
798 5041 799 5051 ἵ
1260 5001 1263 5004 .
1622 5043 1689 5110 ²8*
