4524 5770
379 529 433 614 58
984 533 1199 610 Urlxtodeo.
1257 522 1359 606 LIV.
1393 519 1467 605 ΙΝ.

380 754 507 824 contra
523 740 731 842 generalem
749 735 1044 817 consuetudinem
1061 737 1250 813 Polonie
1271 739 1305 812 in
1324 735 1476 813 decimis
1492 715 1764 838 persolvendis,
1791 733 1887 810 idem
1903 735 2073 838 princeps

229 862 363 930 ¹⁷·Avrt1·
379 874 493 950 nuper
510 847 611 926 circa
627 843 838 921 dominicam
856 841 1185 944 llamispalmarum,
1211 839 1393 920 mediante
1416 839 1614 917 venerabili
1630 851 1733 941 patre
1752 851 1782 930 ⁸)
1816 837 1909 915 dom.
1934 839 2074 938 W(il-

380 954 546 1050 holmo)
565 948 821 1026 Lubucensi
840 947 1027 1048 episcopo,
1054 971 1120 1047 per
1136 945 1230 1020 viam
1249 944 1525 1047 composicionis
1542 945 1693 1020 innuens
1712 968 1755 1018 se
1772 941 1987 1044 procedere,
2005 969 2073 1046 pe-

383 1058 446 1136 ciit
469 1083 493 1132 a
516 1055 631 1147 nobis,
659 1064 697 1127 ut
722 1052 790 1129 sibi
814 1049 978 1128 decimas
1004 1050 1104 1125 trium
1131 1073 1310 1143 annornm,
1338 1075 1428 1149 quas
1447 1074 1471 1123 a
1488 1060 1647 1149 tempore
1659 1047 1796 1149 ‚prelati
1812 1053 1844 1138 lt)
1870 1045 2074 1150 predeces-

382 1161 478 1239 soris
496 1158 608 1236 nostri
625 1155 719 1233 sede
736 1167 893 1234 vacante
911 1163 1160 1256 usurpaverat,
1185 1151 1465 1254 indulgeremus,
1493 1152 1545 1228 ita
1563 1176 1665 1240 sane,
1692 1149 1788 1252 quod
1807 1151 2075 1229 estimacionem

384 1264 611 1355 decimarum,
638 1287 729 1360 quas
750 1271 876 1360 quarto
894 1283 986 1336 anuo
1005 1267 1243 1360 usurpaverat
1261 1268 1306 1350 ⁰),
1335 1257 1437 1332 nobis
1454 1255 1562 1358 plene
1580 1256 1741 1332 solveret
1758 1265 1842 1332 ante
1860 1255 1987 1333 festum
2005 1281 2075 1332 na-

228 1395 354 1452 nctus
383 1369 532 1447 tivitatis
551 1369 584 1443 b.
602 1365 780 1443 Johannis
805 1364 963 1465 baptiste
979 1385 1093 1464 nuper
1114 1362 1319 1464 preteritum
1338 1371 1376 1438 et
1393 1359 1489 1461 quod
1507 1357 1555 1436 de
1572 1369 1697 1437 cetero
1714 1361 1817 1435 nobis
1836 1371 1874 1436 et
1891 1360 1989 1439 clero
2006 1385 2074 1438 no-

160 3701 164 3710 ·
269 3675 327 3728 LV.

259 3757 337 3826 lita,

231 3829 256 3887 ³.
271 3835 366 3896 septbr

384 1485 459 1551 stro
476 1474 511 1548 iu
530 1469 682 1550 decimis
700 1469 829 1542 nullum
847 1477 1028 1569 prestaret
1044 1463 1340 1568 impedimentum,
1367 1487 1483 1566 ymmo
1501 1462 1550 1539 ad
1575 1487 1642 1540 eas
1668 1462 1873 1564 exigendas
1895 1475 2077 1566 prestaret

383 1577 552 1656 auxilium
571 1571 766 1650 bonafide.
807 1570 871 1646 Ad
894 1595 963 1672 que
987 1568 1160 1648 iacienda
1186 1595 1229 1646 se
1248 1595 1313 1670 per
1329 1567 1592 1645 instmmentum
1611 1569 1677 1642 sub
1697 1567 1829 1668 sigillis
1847 1592 1913 1643 suo
1932 1581 1970 1646 et
1986 1565 2075 1646 dicti

384 1681 474 1760 dom.
494 1677 769 1777 W(ilhelmi)
789 1675 952 1778 episcopi
970 1673 1089 1750 taliter
1107 1671 1290 1773 obligavit,
1310 1672 1404 1773 quod
1424 1673 1455 1747 si
1473 1670 1639 1773 predicta
1656 1697 1723 1746 non
1745 1669 1967 1774 adimpleret,
1987 1697 2074 1748 sen·

383 1787 524 1864 tencias
550 1780 937 1860 excommunicacionis
964 1789 1003 1856 et
1023 1776 1216 1870 interdicti,
1243 1779 1334 1853 omni
1359 1776 1610 1878 appellacione
1633 1787 1781 1866 remota,
1807 1775 2005 1853 voluntarie
2030 1801 2075 1852 se

383 1886 542 1993 subjecit
560 1887 656 1985 (sic)
681 1885 720 1976 ¹).
774 1883 892 1984 Cujus
909 1882 1079 1984 precibus
1097 1893 1296 1957 annuentes
1315 1891 1363 1974 et,
1392 1891 1555 1981 putantum
1575 1903 1653 1957 cum
1671 1879 1742 1956 deo
1759 1880 1947 1981 potuimus,
1967 1879 2075 1957 dele·
2177 1939 2185 1954 ,

382 2005 506 2072 rentes
523 1996 568 2083 ¹),
594 1987 793 2092 predictam
818 1986 1039 2064 sentenciam
1063 1985 1314 2062 revocavimus
1339 1985 1406 2060 sub
1426 1982 1696 2062 condicionibus
1715 1982 1923 2076 antedictis,
1948 1985 2075 2086 quibus

384 2123 428 2177 se
446 2097 658 2200 promiserat
674 2093 876 2196 pariturum.
911 2089 1002 2168 Cum
1019 2089 1127 2190 igitur
1144 2086 1192 2165 de
1210 2086 1361 2167 decimis
1381 2099 1411 2180 ⁰)
1438 2089 1552 2190 quiarti
1577 2089 1658 2164 anni
1683 2097 1720 2163 et
1738 2085 1786 2164 de
1812 2087 1894 2164 aliis
1912 2086 2075 2190 dampnis

384 2204 419 2278 in
438 2201 532 2277 nullo
550 2199 654 2274 nobis
672 2195 907 2285 satisfecerit,
927 2218 1044 2296 ymmo
1063 2193 1165 2268 malis
1183 2198 1312 2295 pejora
1329 2192 1561 2271 accumulans
1579 2190 1742 2269 decimas
1761 2203 1799 2270 et
1816 2215 1950 2269 census
1967 2193 2076 2292 hujus

385 2305 493 2409 quinti
511 2303 635 2394 anui²)
647 2305 726 2402 jam
742 2299 979 2401 usurpaverit,
1008 2296 1190 2400 pauperes
1208 2297 1372 2374 ecclesie
1399 2295 1557 2374 diversis
1575 2296 1743 2374 collectis
1761 2308 1799 2372 et
1816 2297 2076 2375 exaccionibus

385 2404 635 2512 aggravando,
661 2407 714 2482 ita
730 2401 826 2505 quod
844 2401 1055 2480 animalibus
1073 2426 1192 2478 eorum
1211 2401 1355 2494 ablatis,
1387 2402 1513 2502 quibus
1531 2425 1637 2476 arare
1656 2398 1864 2493 debuerant,
1886 2405 1967 2500 jam
1981 2425 2076 2502 pene

385 2511 592 2590 mendicare
610 2519 796 2610 coguntur,
823 2532 890 2582 nos
909 2529 959 2582 ex
976 2505 1088 2584 officii
1105 2505 1217 2580 nostri
1235 2503 1368 2598 debito,
1396 2531 1465 2580 uon
1484 2503 1661 2580 audentes
1687 2513 1819 2580 tantam
1837 2503 2001 2582 ecclesie
2018 2503 2075 2580 le-

386 2619 523 2696 sionem
541 2615 689 2691 ulterius
708 2615 774 2688 sub
799 2608 1102 2688 dissimulacionis
1124 2608 1308 2686 involucro
1334 2609 1519 2712 preterire,
1548 2609 1728 2701 civitates,
1757 2609 1924 2702 castella,
1953 2605 2074 2698 nida,

385 2721 493 2797 villas
513 2729 674 2797 ettotam
692 2729 823 2794 terram
839 2715 874 2790 in
893 2713 1026 2792 ducatu
1045 2711 1132 2791 dicti
1151 2709 1243 2789 dom.
1263 2711 1514 2814 C(cnradi)
1538 2715 1568 2804 ἴ)
1602 2711 1706 2788 sitam
1732 2707 1835 2788 etad
1861 2715 1943 2812 ejus
1962 2633 2077 2788 tldmi-

385 2827 477 2903 nium
521 2823 728 2900 ertinentem
744 2823 779 2896 in
797 2819 979 2922 pristinam
993 2817 1215 2895 sentenciam
1233 2815 1465 2909 reducentes,
1484 2815 1646 2918 generali
1664 2815 1857 2893 subicimus
1874 2813 2084 2908 interdicto,

387 2851 611 3034 sepedictum
627 2950 717 3003 vero
734 2925 928 3028 principem
946 2919 1262 3022 C(onradum),
1294 2947 1363 2998 sua
1380 2923 1553 3020 exigente
1572 2933 1609 2996 et
1625 2919 1875 2997 invalescente
1893 2931 2077 2996 conmma-

388 3035 458 3126 cia,
478 3057 527 3110 ex
545 3031 670 3109 causis
686 3027 861 3133 predictis
877 3027 1225 3105 excommunicamus
1243 3039 1281 3104 et
1299 3031 1380 3128 ejus
1399 3024 1625 3104 consiliarios
1642 3025 1676 3098 in
1695 3023 1766 3100 hoc
1783 3024 1895 3116 lacto,
1911 3035 1948 3100 et
1960 3023 2077 3102 nichi-

353 3197 356 3204 .
385 3137 536 3213 lominus
560 3147 707 3238 propter
732 3133 1005 3235 usurpacionem
1024 3129 1240 3206 decimarum
1267 3141 1392 3208 contra
1417 3126 1618 3230 spmodales
1637 3127 1919 3205 coustimciones
1937 3140 1976 3204 et
1990 3151 2077 3231 pro·

386 3251 466 3364 pter
496 3242 720 3318 exacciones
752 3237 985 3316 collectarum
1013 3233 1270 3311 denunciamus
1301 3235 1417 3336 ipsum
1445 3234 1480 3308 in
1514 3255 1687 3311 canonem
1708 3231 1783 3308 late
1809 3232 1998 3310 sentencie
2020 3231 2078 3307 in-

387 3343 539 3422 cidisse.

466 3649 753 3749 ''l'(homas),
779 3645 815 3722 d.
835 3669 889 3748 gr.
914 3647 1049 3722 Wrat.
1075 3645 1283 3748 episcopus,
1309 3643 1449 3722 domino
1474 3647 1522 3720 A.
1549 3643 1691 3722 decauo
1716 3643 2017 3746 Glogouiensi
2043 3659 2082 3720 et

390 3755 570 3832 universis
588 3752 827 3830 ecclesiarum
844 3751 1043 3828 rectoribus
1060 3761 1131 3825 tam
1150 3750 1362 3850 regularium
1380 3776 1483 3850 quam
1507 3748 1724 3826 secularium
1749 3773 1795 3826 ac
1818 3747 1977 3826 omnibus
1993 3773 2081 3851 per-

367 3861 492 3938 'sonis
511 3855 779 3938 ecclesiasticis
799 3865 836 3932 et
851 3853 1028 3958 plebanis,
1056 3855 1090 3929 in
1116 3852 1248 3932 ducatu
1274 3851 1380 3930 ducis
1404 3851 1606 3934 Conradi
1634 3851 1848 3946 constitutis,
1876 3851 2028 3930 salntem
2045 3853 2081 3928 iu

391 3964 544 4042 domino.
583 3960 675 4040 cum
691 3972 839 4063 propter
855 3959 1127 4061 usurpacionem
1146 3955 1361 4037 decimarum
1379 3970 1576 4034 nostrarum
1595 3967 1632 4033 et
1649 3957 1738 4035 cleri
1756 3957 1866 4032 nostri
1884 3969 1922 4036 et
1937 3967 2084 4060 propter

391 4069 622 4148 collectarum
642 4063 890 4154 exaccionem,
916 4063 1043 4163 quibus
1067 4061 1163 4138 multi
1188 4061 1306 4141 liciter
1329 4063 1491 4138 homines
1518 4061 1681 4140 ecclesie
1699 4071 1822 4137 nostre
1840 4061 2084 4161 gravabantur

390 4173 624 4278 pernobilem
643 4169 836 4272 principem
855 4164 947 4242 dom.
968 4089 1269 4268 mormulam)
1295 4165 1424 4244 ducem
1448 4165 1608 4242 Slenie
1630 4165 1664 4240 iu
1692 4175 1801 4240 totam
1818 4175 1948 4242 terram
1964 4165 2082 4268 ipsius

237 4295 375 4350 mutan.
392 4277 472 4352 olim
501 4279 601 4354 circa
636 4273 929 4351 annuciacionem
964 4271 999 4347 b.
1032 4271 1151 4348 Marie
1194 4271 1343 4372 virginis
1385 4271 1595 4346 tulissemus
1639 4269 1859 4346 sentenciam
1901 4265 2083 4348 interdicti

496 4451 716 4516 Abwaiabnngan
734 4449 781 4498 ta·
800 4449 958 4498 Sebraibena
977 4447 1009 4497 N.
1026 4448 1088 4496 LVz
1124 4449 1154 4507 a)
1171 4447 1250 4497 betta
1318 4447 1349 4507 b)
1368 4446 1461 4510 prelati
1478 4444 1552 4495 labit.
1628 4445 1657 4503 c)
1676 4445 1818 4496 sustulerat
1891 4445 1922 4505 d)
1940 4443 2016 4506 anina
2034 4457 2084 4495 vo·

392 4521 484 4572 tantm
507 4526 632 4578 quantum
648 4532 670 4568 c.
689 4517 714 4567 d.
732 4532 757 4580 p.
780 4524 925 4567 annuentes
995 4519 1024 4576 a)
1047 4517 1229 4567 revocavimus
1252 4521 1387 4578 sperantes
1411 4515 1481 4576 quod
1506 4514 1672 4564 condiciones
1695 4521 1721 4566 at
1743 4513 1849 4564 forman
1872 4528 1919 4576 par
1941 4515 2085 4576 predictum

393 4591 543 4654 episcoprum
560 4588 702 4638 ordinatam
720 4587 861 4636 obsanare
878 4587 985 4636 deberat
1002 4587 1050 4636 aad
1067 4586 1127 4647 quta
1145 4585 1178 4635 da
1197 4585 1302 4636 decinit
1320 4591 1369 4638 cte.
1440 4585 1467 4645 l)
1486 4585 1511 4634 d.
1530 4583 1559 4638 0.
1578 4585 1661 4636 duan.

439 4823 472 4912 i)
499 4819 593 4888 Siahe
614 4819 654 4886 N.
675 4819 725 4886 LI.

436 4931 470 5011 d)
499 4923 574 4992 Alco
600 4923 751 4990 reohnete
779 4919 1042 4990 mabrscbeinliclr
1069 4921 1213 4990 Thomas
1234 4925 1272 4992 ll.
1304 4945 1379 4991 vom
1404 4921 1497 4990 Tude
1524 4923 1668 4990 Thomas
1695 4924 1719 4989 l.
1748 4921 1799 4990 30.
1828 4921 1895 4988 Mai
1924 4917 2009 4987 lacn
2037 4921 2088 4986 bis

501 5009 599 5076 dobin
623 5007 706 5077 laos
727 5005 774 5075 als
795 5021 901 5090 erstes,
926 5009 993 5074 und
1014 5009 1133 5075 aonaob
1155 5009 1204 5075 bis
1224 5009 1294 5077 Mai
1315 5009 1397 5076 lm
1418 5012 1474 5076 das
1495 5009 1549 5076 lite
1570 5008 1656 5076 lnhr.
