4660 5762
745 527 955 606 Urlnuderu
1011 527 1227 606 CLXXIX.
1257 531 1448 606 CLXXX.
1866 531 1939 612 li·

254 713 380 812 ustus
390 733 584 940 ¹apparari,
610 727 778 835 inquot
791 731 910 812 oltlem
935 735 1122 860 episcopo,
1149 734 1249 812 fratri
1272 745 1394 860 nosue
1422 746 1461 814 et
1484 735 1585 860 clero
1606 737 1724 862 ipsius
1738 735 1788 818 de
1804 735 1939 864 ducatu

253 861 491 1048 astilibus
508 837 1940 1048 exmmodeuffihtbgffn:ddmpffimaelssdhffiffluffioe:z

255 1045 409 1122 donatur
423 1045 549 1122 usibm
566 1046 793 1148 applicatum.
820 1043 873 1122 tn
890 1049 1055 1124 continue
1072 1069 1209 1127 manum
1221 1048 1391 1149 potencie
1404 1071 1472 1125 sne
1488 1059 1614 1158 eontra
1628 1049 1772 1144 clerum,
1791 975 1940 1152 rshpe-
1981 1083 1985 1094 ⁸

255 1169 321 1226 ses
340 1161 379 1227 et
396 1149 592 1228 mutem
609 1173 661 1250 ag
752 1173 816 1226 are
833 1173 902 1226 non
915 1161 1054 1243 cessat,
1076 1149 1195 1227 banus
1211 1161 1250 1228 et
1266 1148 1390 1229 edicta
1412 1153 1541 1252 gravia
1557 1152 1656 1253 prius
1673 1155 1939 1256 promulgcriin'

255 1254 387 1356 populo
403 1252 587 1346 Mente,
613 1173 788 1331 efflet
803 1251 900 1354 quod
916 1249 1034 1330 nullus
1051 1251 1101 1330 ud
1118 1277 1240 1331 eornm
1264 1253 1462 1348 eeclesias,
1489 1258 1547 1356 qui
1568 1256 1685 1357 ipsius
1702 1254 1809 1334 ducis
1827 1260 1939 1337 benc·

255 1357 400 1460 placitis
422 1368 463 1435 et
483 1355 660 1434 mandatis
684 1381 753 1434 nun
779 1355 1004 1448 obedientes,
1030 1357 1155 1434 unitati
1180 1370 1218 1436 et
1241 1357 1420 1436 mundatis
1451 1359 1616 1438 ecclesie
1639 1385 1684 1438 se
1708 1361 1938 1455 conformant,

186 1511 188 1520 ι
255 1459 391 1538 audeat
406 1459 602 1552 accedere,
628 1459 689 1538 vel
715 1459 853 1538 eisdem
876 1483 940 1562 pro
964 1460 1039 1538 vite
1064 1461 1346 1540 necessitutibus
1371 1461 1506 1563 aliquid
1529 1461 1702 1557 rendere,
1728 1465 1789 1542 vel
1813 1466 1938 1542 eosin

255 1565 334 1641 suis
351 1555 514 1642 domibus
531 1565 697 1667 recipere
712 1565 774 1641 vel
789 1576 927 1643 tenere.

357 1735 421 1814 Ne
437 1735 544 1837 igitur
559 1737 643 1838 ipsa
659 1735 824 1816 ecclesia
841 1737 976 1814 Wrot
1000 1736 1035 1814 iu
1060 1736 1138 1814 suis
1156 1739 1298 1838 juribus
1317 1749 1354 1814 et
1396 1737 1537 1814 arsonis
1554 1747 1626 1814 tam
1644 1735 1834 1816 excidiose
1851 1761 1939 1840 gra·

255 1853 343 1920 vota
359 1838 409 1918 ad
426 1839 592 1918 nichilum
608 1841 753 1944 penitus
770 1839 955 1942 redigatur
971 1853 1009 1919 et
1024 1865 1090 1943 per
1106 1841 1312 1944 prophunos
1336 1765 1655 1924 administratores,
1681 1867 1747 1944 per
1764 1866 1853 1942 quos
1870 1868 1955 1946 po-¹

254 1943 361 2044 pulus
379 1941 607 2024 Christianus
630 1941 819 2048 decipitur,
846 1945 974 2024 claves
999 1945 1161 2024 ecclesie
1185 1947 1400 2046 contemptui
1424 1945 1623 2021 habeantur
1640 1957 1739 2022 etue
1758 1960 1834 2020 tam
1852 1973 1938 2044 per·

254 2055 432 2124 airiacum
450 2056 663 2148 exemplum
681 2056 719 2126 in
735 2056 877 2126 claim
893 2057 1085 2134 eccleciae,
1103 2053 1280 2148 dyocesee
1296 2063 1333 2126 et
1343 2055 1561 2148 ‘prorriucias
1570 2063 1803 2150 prorogetur,
1822 2048 1853 2126 si
1868 2061 1939 2126 tam

254 2151 388 2252 inipso
406 2148 501 2228 duce
519 2177 622 2252 quam
639 2151 674 2228 iu
692 2149 1036 2231 administratoribus
1058 2149 1232 2254 predictis
1250 2152 1345 2228 tales
1363 2163 1401 2230 et
1417 2167 1642 2252 tamlgraves
1660 2177 1843 2230 excessus
1862 2177 1938 2228 ma-

254 2267 364 2332 neaut
380 2253 582 2348 incorrecti,
609 2255 761 2334 maxime
786 2279 864 2332 cum
889 2255 952 2332 alii
975 2253 1158 2356 principes
1183 2255 1236 2332 rei
1255 2256 1388 2334 exitum
1404 2255 1654 2357 prestolentur,
1682 2281 1726 2332 se
1744 2254 1793 2332 ad
1811 2257 1940 2334 similia

254 2355 460 2436 laciendum
476 2369 659 2460 parantes,
677 2359 710 2434 si
728 2370 798 2436 tam
815 2383 950 2460 graves
969 2369 1007 2434 et
1024 2383 1188 2436 enormes
1205 2383 1252 2436 ac
1267 2359 1427 2436 notorius
1447 2383 1641 2454 excessus,
1661 2359 1719 2460 qni
1735 2359 1833 2436 nulla
1849 2385 1939 2463 pos·

255 2472 339 2538 snrn
355 2461 664 2562 tergiversacione
683 2461 805 2556 celari,
831 2463 1015 2562 contingat
1041 2459 1351 2540 animadversione
1369 2461 1492 2540 dehita
1515 2487 1582 2538 non
1609 2463 1771 2566 percelli,
1798 2465 1938 2542 saneti·

253 2565 320 2642 tati
345 2578 469 2642 vestre
493 2565 645 2666 genibus
658 2567 843 2667 ¹provoluti
865 2565 1131 2644 lacrimabiliter
1155 2566 1411 2668 supplicamns,
1438 2578 1615 2666 quotenus
1642 2592 1720 2644 cum
1744 2565 1840 2644 idem
1863 2565 1938 2644 dux

255 2693 412 2748 censnra
428 2667 687 2774 ecclesiastica
703 2695 771 2746 seu
785 2677 918 2771 gladio
935 2675 1126 2768 spirituali
1142 2675 1232 2744 nolit
1247 2698 1315 2744 uec
1332 2675 1447 2768 possit
1463 2677 1603 2770 cmrigr'
1621 2681 1658 2746 et
1681 2671 1715 2746 in
1740 2672 1938 2750 sentenciis

255 2769 474 2874 supradictis
492 2776 570 2871 jam
594 2798 686 2850 anno
708 2773 847 2874 integro
871 2782 1079 2875 permaneat
1102 2772 1218 2848 anime
1241 2769 1405 2848 indurato
1425 2771 1553 2850 claves
1571 2775 1736 2852 ecclesie
1753 2787 1937 2880 contemp·

254 2873 385 2970 nendo,
408 2883 566 2974 placeat
580 2884 714 2976 pietati
729 2891 860 2963 cetae,
886 2883 961 2953 eive
980 2881 1028 2952 de
1046 2881 1237 2952 materiali
1257 2882 1390 2976 gladio
1412 2883 1489 2952 aiore
1508 2885 1650 2954 anxilio
1668 2881 1812 2954 brachii
1829 2909 1937 2954 secm-

256 2987 349 3056 lorio
365 2986 443 3056 sive
462 2985 510 3054 de
527 2987 603 3054 aliu
620 2987 786 3056 remedio
803 2987 878 3080 ipsi
895 2979 1057 3058 ecclesie
1075 2979 1161 3072 utili,
1178 2975 1373 3057 seeundum
1393 2975 1487 3078 quod
1503 3005 1571 3056 vos
1589 2977 1711 3056 divina
1727 2983 1855 3060 nuccio
1869 2981 1938 3058 do-

256 3081 381 3180 cuerit,
409 3083 582 3182 cogitare,
610 3107 688 3160 eum
706 3107 803 3161 more
820 3082 1012 3184 pericnlum
1035 3081 1219 3183 perhenne
1245 3081 1488 3160 exterminium
1512 3107 1635 3159 secum
1660 3083 1789 3176 trahat,
1815 3085 1937 3188 preci·

255 3211 325 3288 pue
343 3211 422 3263 cnm
445 3183 539 3262 idem
565 3185 658 3280 dux,
683 3193 780 3264 sicut
796 3201 834 3262 et
848 3195 918 3262 alii
934 3194 1049 3262 matri
1062 3193 1256 3284 principes
1272 3192 1498 3264 correcct'oui
1515 3199 1552 3260 et
1568 3192 1728 3261 dominio
1746 3188 1936 3269 Romane

256 3296 413 3366 ecclesie
437 3295 511 3364 siut
532 3293 701 3386 subjecti.
744 3287 915 3368 Ceterum
938 3289 1021 3390 quia
1045 3285 1186 3388 qnidam
1212 3300 1410 3365 conventus
1435 3285 1569 3364 ordinis
1593 3287 1738 3366 fratrum
1763 3289 1935 3368 Minorem

253 3403 385 3468 tantum
402 3393 691 3492 quatuorWrat.
711 3389 888 3497 dyocesis
905 3391 1081 3494 quondam
1097 3392 1280 3494 provincie
1298 3392 1613 3496 Puloniennper
1626 3391 1833 3486 Sasonis
1850 3421 1937 3498 pro·
2060 3409 2063 3416 ’

252 3495 372 3574 vincia
388 3501 655 3596 sejungentes,
680 3509 824 3583 nostras
844 3522 923 3574 cumr
940 3497 1081 3600 prelato
1100 3493 1194 3574 duce
1213 3505 1463 3598 contempnunt
1479 3497 1699 3586 sentencias,
1719 3523 1838 3576 coram
1855 3499 1936 3602 ipso

253 3599 495 3702 sollempniter
513 3599 742 3678 celebrantes
761 3613 799 3678 et
817 3611 887 3678 tam
904 3601 1019 3704 ipsum
1036 3626 1138 3702 quam
1157 3599 1250 3678 alios
1266 3601 1301 3676 in
1318 3601 1498 3677 erroribus
1516 3599 1593 3676 suis
1608 3601 1845 3680 confoventes
1859 3605 1936 3680 suis
2008 3651 2015 3664 ·

251 3703 545 3806 persuasionibus
563 3713 601 3780 et
618 3703 807 3806 exemplis,
824 3704 972 3807 placeat
989 3718 1113 3784 vestre
1130 3703 1352 3798 reverencie,
1378 3701 1517 3782 eisdem
1535 3705 1769 3782 conventibus
1786 3703 1936 3784 deman-

253 3806 354 3902 dare,
379 3819 458 3884 uto
480 3807 588 3884 tantis
612 3808 831 3884 excessibus
850 3823 886 3886 et
912 3809 1089 3886 erroribus
1114 3807 1332 3910 resipiscant
1355 3819 1393 3884 et
1410 3805 1700 3908 quemadmodum
1724 3809 1785 3886 alii
1802 3809 1936 3888 fratres

251 3911 406 4013 ipsorum
425 3923 462 3988 et
477 3911 622 3986 fratrum
639 3909 909 3988 Predicatorum
936 3914 1039 3989 nubis
1066 3924 1103 3990 et
1129 3911 1292 3989 ecclesie
1317 3935 1361 3988 se
1380 3911 1609 4000 conforment,
1637 3924 1674 3988 et
1690 3913 1935 3991 nichilominus

253 4011 407 4118 predicti
436 4025 633 4094 conventus
666 4013 716 4090 nd
746 4015 927 4116 pristinam
951 4015 1168 4093 Pulonice
1197 4013 1381 4118 provincie
1405 4013 1556 4092 redeant
1579 4015 1757 4098 unitatem.
1803 4015 1934 4094 Datum

255 4115 499 4214 Cracbuie,
525 4119 560 4196 in
578 4115 639 4196 die
657 4119 895 4222 apostolorum
911 4119 1010 4196 Petri
1029 4134 1066 4195 et
1082 4118 1200 4194 Pauli.

357 4563 459 4657 ltcm,
486 4563 745 4642 cardinalibus:
793 4559 1021 4641 Rmercndis
1038 4560 1188 4640 dominis
1205 4575 1245 4642 ct
1258 4561 1524 4640 venerabilibus
1540 4565 1576 4642 iu
1594 4563 1741 4644 Christo
1757 4566 1930 4669 patribus,
1960 4589 2095 4644 cerum

254 4665 1931 4874 ntmtnttnnntttttltn?ttttit⁹ttt²tl⁰tlltt⁰tnt¹⁵nint}
1965 4671 2082 4799 'ffb

255 4827 600 4970 Gro'coniensis,
634 4828 829 4954 Thomas
861 4873 1284 4970 Wratinlouiensis,
1314 4797 1551 4954 Johannes
1574 4829 1929 4970 Ponua’niensis,

254 4978 453 5058 Thomas
471 4979 731 5074 Ploceusis,
758 4979 969 5058 Wiulaus
985 4976 1412 5075 Wladislauieuois,
1439 4977 1672 5060 conradus
1692 4983 1930 5062 Lnbucen·

1608 5098 1677 5168 23*
