4634 5762
675 505 888 580 Urlrtradea.
945 505 1189 578 Lxxxm
1219 505 1491 578 nxxxrm.
1520 526 1527 574 ·.
1871 505 1923 584 οἵ

236 715 278 784 at
291 703 552 806 arbitiium-per
567 729 636 782 vas
651 703 817 807 provide,
837 709 998 806 juste'et
1013 717 1147 788 sucta
1159 708 1280 802 latus,
1306 707 1517 808 persedens
1539 707 1799 810 apostolien-
1816 711 1922 813 eujus

236 820 295 889 eat
311 809 498 888 ecelesias
516 807 724 902 delens&
752 833 802 888 ex
826 821 929 888 corta
952 811 1116 890 sciencia
1140 813 1366 890 confirmetur
1381 817 1421 888 et
1437 809 1532 914 quod
1550 813 1596 888 ab
1614 809 1746 890 ebdom
1761 813 1921 894 audead

235 910 526 993 idemrarbitri'nm
543 913 686 990 firmiter
701 911 1075 1014 exequenda-dmm
1091 917 1242 1018 pervigil
1259 927 1445 1016 execatur.
1473 915 1657 1016 noganm
1674 919 1790 994 eciam
1807 919 1921 996 bunia

234 1016 328 1107 dtur,
345 1027 451 1118 pater
467 1028 505 1094 et
521 1014 664 1094 mrum
682 1017 946 1112 reverendam
961 1020 996 1096 si
1003 1021 1083 1118 quis
1100 1044 1163 1120 pro
1181 1031 1285 1121 parte
1301 1018 1430 1096 dmniui
1448 1017 1556 1098 ducis
1570 1019 1668 1120 apdd
1684 1019 1813 1100 sedem
1828 1046 1920 1125 apo-

236 1119 400 1198 stolicam
416 1120 557 1196 litteras
574 1119 794 1222 impetrando
812 1122 873 1198 vel
890 1123 984 1199 alius
1000 1121 1227 1224 impediendo
1244 1124 1359 1225 ipsios
1377 1123 1511 1198 arbitrii
1529 1125 1734 1224 apparuerit
1755 1127 1919 1230 iqruug„

235 1233 348 1317 nator,
374 1235 520 1326 propter
536 1221 641 1300 deum
660 1235 697 1300 et
713 1225 912 1302 libertatem
930 1226 1107 1318 ecclesie,
1134 1253 1180 1304 ne
1206 1228 1322 1304 littere
1346 1251 1456 1328 snper
1472 1227 1553 1328 ipso
1571 1228 1714 1302 arbitrio
1726 1229 1919 1332 impetren-

234 1339 290 1402 tur
305 1327 366 1404 vel
385 1327 541 1426 quolibet
558 1328 629 1404 ulio
647 1326 752 1404 modo
771 1331 992 1430 obpugnetur
1010 1331 1162 1426 benigno
1180 1331 1315 1406 auxilio
1333 1331 1567 1424 succurratis,
1594 1332 1748 1408 maxiem
1766 1357 1845 1411 cum
1862 1335 1919 1410 vi·

234 1429 364 1508 deatur
386 1431 422 1508 iu
447 1431 519 1508 ba'c
535 1443 638 1533 parte
656 1429 914 1532 quodamnodo
939 1445 1096 1510 vestrum
1114 1435 1301 1534 negocium
1319 1435 1353 1510 in
1425 1435 1538 1534 gnari.
1581 1433 1714 1510 Datum
1735 1436 1773 1512 in
1795 1449 1919 1514 casbo
2076 1484 2080 1493 ·

235 1533 542 1627 utlnuonow,
569 1533 743 1612 bsleudia
758 1537 893 1614 mensis
909 1537 1027 1632 Junii,
1052 1563 1146 1616 anua
1163 1537 1292 1616 donin
1310 1539 1349 1614 bl
1387 1536 1512 1618 Ceto.
1537 1537 1542 1548 “
1708 1539 1713 1550 ’
1770 1539 1774 1548 ’
2039 1546 2042 1554 ’

236 1959 253 2024 .“
335 1947 487 2024 Βοιιιὶιιιι
503 1949 667 2026 butino
685 1947 872 2027 cardinali.
905 1947 1011 2040 Quod
1029 1973 1093 2050 pro
1109 1947 1268 2026 remedio
1294 1960 1418 2028 nosne
1434 1950 1598 2032 aedesio
1614 1950 1839 2036 vmccrah'bs
1849 1975 1918 2052 pa·
1933 1967 2105 2020 nmvnr.

233 2062 288 2128 ter
310 2047 404 2129 dom.
429 2052 708 2154 Pb(ilippos)
735 2079 793 2156 ep.
816 2053 1071 2145 londanus,
1099 2051 1274 2154 quondam
1298 2065 1417 2156 apost.
1442 2053 1524 2132 sed.
1547 2053 1623 2155 leg.
1645 2051 1919 2133 decreveratct
1970 2049 2067 2174 1¹2⁸in

233 2150 463 2233 ordinaverat
485 2155 709 2250 arbibaudo,
734 2158 771 2234 in
789 2181 890 2258 onem
913 2157 964 2232 ill.
981 2157 1151 2258 princeps
1168 2158 1453 2256 ld(enricus),
1478 2157 1516 2234 d.
1535 2182 1590 2258 gr.
1608 2157 1685 2234 dcx
1702 2155 1862 2236 Sleaie
1877 2163 1918 2236 ut
1986 2157 1994 2173 '
2068 2157 2075 2174 '

233 2253 485 2352 conwrat,
502 2285 566 2360 pro
583 2286 628 2338 se
646 2272 684 2338 et
700 2260 979 2340 suceesmibus
997 2261 1075 2338 scis
1093 2273 1130 2338 et
1148 2267 1226 2354 cos,
1246 2261 1411 2340 ecclesie
1425 2277 1549 2338 nostre
1566 2263 1716 2355 nomine,
1742 2265 1918 2364 umquam

231 2359 269 2438 in
283 2361 462 2455 arbitram,
482 2365 725 2442 arbitraturum
744 2377 783 2442 et
799 2365 1020 2442 amicabilem
1037 2364 1385 2466 compositoremsub
1402 2389 1498 2466 pena
1513 2366 1611 2443 mille
1627 2371 1824 2444 mearum
1834 2367 1918 2444 'ariri

232 2475 271 2544 et
285 2467 671 2546 exconmioacimis
693 2470 884 2546 ιοιιιοιιοὶι
907 2491 999 2569 quas
1023 2493 1139 2569 penas
1162 2473 1263 2570 pers'
1275 2493 1346 2546 nun
1363 2475 1518 2548 servans
1534 2469 1712 2548 arbitrium
1728 2471 1739 2545 i
1787 2495 1842 2546 ιιι
1859 2471 1916 2546 in-

233 2582 392 2648 curreret
423 2571 503 2672 ipsc
526 2571 644 2666 lacto,
682 2571 722 2650 id
752 2597 845 2650 nune
878 2597 992 2672 gravo
1016 2573 1122 2648 affort
1144 2574 1247 2648 uobis
1270 2571 1509 2676 dispendium,
1536 2575 1699 2752 ppouiam
1721 2575 1734 2650 i
1761 2598 1818 2652 em
1841 2571 1916 2654 ὰιι

232 2683 316 2750 ante
339 2675 663 2775 promulgceionem
684 2676 800 2777 ipsius
824 2676 957 2752 arbitrii
980 2700 1047 2751 nos
1073 2687 1110 2752 et
1135 2677 1332 2754 ecelesiam
1356 2689 1512 2754 nostram
1563 2679 1694 2754 ‘versis
1717 2677 1855 2780 injuriis
1877 2687 1917 2754 et

231 2775 420 2856 violenciis
437 2778 664 2873 molestabat,
690 2805 783 2858 nunc
801 2778 911 2856 valde
928 2777 1191 2856 emmennone
1216 2779 1389 2858 secundia
1415 2781 1634 2882 excessibus
1642 2783 1784 2884 primas
1801 2781 1915 2858 mole·

232 2881 336 2972 alias,
363 2881 466 2956 nubis
492 2881 640 2959 afflictis
663 2884 934 2962 intollerabilem
958 2883 1196 2960 affliccionem
1213 2883 1367 2976 addens,
1393 2885 1429 2962 in
1447 2883 1598 2985 quodam
1616 2887 1804 2977 territorio,
1832 2883 1914 2962 Ot-

231 2983 436 3062 muebovv
455 2983 564 3078 dicto,
591 2986 687 3087 quod
705 2998 765 3065 est
780 2999 902 3065 nostre
919 2987 1086 3065 ecclesie
1102 2988 1279 3088 speciale,
1304 2989 1414 3064 villas
1432 2991 1606 3068 maximas
1624 2988 1861 3088 quadraginta
1878 3000 1915 3064 et

231 3087 382 3190 amplius
407 3102 609 3190 occupatas
633 3089 780 3184 detinet,
806 3091 949 3166 inrdxus
967 3089 1108 3190 jndicio
1128 3093 1312 3193 laycorum
1336 3093 1502 3166 bannum
1528 3115 1671 3166 suoram
1687 3087 1914 3192 quorundam,

231 3192 634 3376 quaspipsilwtlyeinos,
660 3196 868 3376 episcopum
888 3195 1259 3374 ettclerupuancatrum,
1286 3219 1396 3296 super
1418 3195 1525 3284 villis,
1548 3193 1687 3372 prgffis
1705 3207 1913 3396 etjlpgsaes·

233 3318 327 3372 srorn
351 3319 395 3371 us
494 3322 574 3374 esre
592 3323 643 3376 ex
731 3317 781 3376 ua
844 3323 931 3376 esen
964 3323 1032 3376 con
1112 3323 1243 3376 sauma
1268 3323 1429 3378 carues
1455 3322 1590 3376 consue
1667 3321 1713 3375 nc
1812 3321 1900 3376 cure

232 3421 313 3474 em
328 3409 448 3478 lanu
463 3425 531 3476 nou
547 3402 660 3480 liceat
676 3325 786 3481 alieni
795 3323 923 3505 iiyoo,
950 3401 1124 3506 episeopo
1141 3403 1260 3502 legem
1277 3401 1378 3496 dare,
1406 3425 1485 3480 com
1509 3402 1606 3504 layci
1630 3402 1701 3476 sint
1723 3352 1913 3478 infoduos’

232 3501 381 3580 clericis
397 3516 436 3580 et
450 3505 596 3582 inferior
613 3505 727 3584 sedes
744 3508 962 3608 superiorem
974 3505 1146 3608 judicare
1170 3531 1238 3582 ccc
1261 3507 1389 3609 possit,
1415 3530 1497 3620 ymo
1521 3507 1623 3606 ipsus
1648 3505 1778 3606 laycos
1795 3515 1914 3582 manet

233 3607 441 3684 mamma
459 3609 692 3708 obsequendi,
709 3635 777 3686 uon
795 3611 992 3688 auctoritas
1008 3609 1216 3711 imperandi.
1242 3611 1283 3686 ln
1301 3611 1384 3686 aliis
1401 3621 1520 3686 actem
1536 3607 1632 3684 villis
1645 3620 1683 3684 et
1694 3608 1912 3702 civitatibus,

231 3735 322 3812 quas
339 3735 408 3786 noa
427 3714 637 3813 occupavit,
668 3725 791 3790 uesbe
809 3714 972 3792 ecclesie
989 3715 1151 3792 borrines
1166 3727 1280 3794 vexat
1296 3715 1556 3794 exaccioaibus
1571 3712 1793 3790 eteollectis
1809 3713 1913 3790 iunu-

231 3815 461 3892 merabilibus
488 3816 728 3910 incessanter,
755 3829 808 3894 tet
837 3841 949 3895 onera
973 3829 1012 3895 et
1033 3843 1179 3896 munera
1202 3818 1352 3896 sordida
1374 3829 1412 3895 et
1433 3817 1561 3917 quevis
1584 3816 1793 3914 gravandus
1815 3813 1913 3890 iule-

231 3916 355 4012 rendo,
382 3929 421 3994 ut
442 3921 513 4022 ipsi
536 3921 700 3998 ecclesie
725 3933 763 3997 et
784 3923 888 3998 nobis
912 3923 949 3998 in
968 3920 1107 4000 eisdem
1124 3923 1320 3998 bominibus
1339 3921 1449 3998 nicbil
1461 3996 1464 4005 ,
1465 3919 1562 4019 juris
1583 3917 1750 3996 videaurr
1770 3918 1913 4018 penitus

231 4024 465 4115 remansisse,
490 4021 682 4101 intendens
697 4022 792 4102 idem
810 4025 897 4119 dux,
916 4051 994 4102 cum
1012 4027 1189 4100 arbitrium
1206 4023 1300 4100 idern
1317 4049 1387 4102 nou
1400 4031 1524 4102 servet
1541 4045 1609 4098 noc
1626 4043 1776 4098 servare
1791 4020 1911 4096 intur·-

231 4123 306 4218 dat,
324 4150 390 4229 per
407 4126 477 4206 heo
495 4129 703 4226 gravamina
715 4153 782 4206 uos
800 4129 846 4204 ab
861 4129 1121 4206 observacione
1139 4129 1270 4204 arbitrii
1288 4129 1448 4202 similiter
1464 4148 1651 4202 revocare.
1678 4125 1762 4200 Nos
1780 4133 1910 4216 actem,

231 4229 291 4330 qni
307 4255 429 4306 sumus
445 4234 586 4334 proprie
604 4231 828 4310 defensionis
846 4229 1002 4309 desolati
1020 4231 1154 4306 auxilio
1172 4243 1210 4306 et
1227 4230 1284 4330 qui
1301 4231 1441 4307 actibus
1464 4227 1596 4302 nostris
1613 4251 1677 4330 pro
1694 4225 1911 4304 inbecillita·

231 4333 279 4410 tis
296 4333 495 4412 infirmitate
513 4337 616 4412 nobis
634 4335 813 4440 prodesse
831 4361 899 4414 non
916 4361 1120 4438 possumus,
1142 4345 1266 4410 contra
1281 4343 1413 4408 tantum
1430 4329 1643 4406 violenciam
1660 4356 1727 4408 nos
1744 4354 1911 4432 premen-

232 4451 314 4532 tem,
340 4463 408 4514 ncs
426 4449 464 4514 et
481 4439 677 4516 eeclesiam
695 4453 849 4518 nostram
874 4451 957 4516 ante
982 4437 1099 4541 pedes
1115 4449 1240 4516 vestre
1257 4435 1418 4538 ponimus
1439 4434 1655 4526 sanctitatis,
1680 4433 1910 4514 lacrimabili-

232 4553 287 4617 ter
308 4551 519 4637 exorantes,
544 4555 672 4621 utros
694 4542 806 4620 induti
829 4543 976 4622 viscera
999 4539 1242 4619 misericordie
1267 4565 1333 4615 nos
1358 4551 1396 4616 et
1418 4549 1573 4614 nostram
1599 4537 1813 4630 eeclesiam,
1841 4561 1911 4639 que

230 4656 302 4720 tam
325 4669 440 4746 grave
465 4647 686 4747 naufragium
709 4647 745 4723 in
770 4649 848 4724 suis
867 4648 1009 4749 juribus
1025 4647 1165 4748 patitur,
1191 4645 1393 4747 priusquam
1416 4643 1665 4720 invalescente
1682 4643 1826 4718 malicia
1841 4666 1910 4744 pe-

230 4748 324 4826 nitus
348 4747 592 4850 demergatur,
618 4751 815 4852 patrocinio
839 4753 952 4830 vestri
982 4750 1106 4827 auxilii
1135 4759 1279 4852 propter
1302 4746 1407 4826 deum
1431 4745 1622 4848 dignemini
1645 4747 1845 4840 suffulcire,
1871 4757 1910 4821 ut

229 4867 356 4930 vestra
372 4865 591 4956 cooperante
607 4856 735 4955 gracia
749 4867 1000 4956 procuratores
1017 4853 1128 4930 nostri
1145 4852 1450 4932 confirmacionem
1475 4849 1607 4926 arbitrii
1631 4875 1696 4951 per
1717 4849 1909 4927 venerabi-

230 4956 301 5034 lem
317 4968 455 5060 patrem
472 4955 645 5034 dominnm
662 4957 949 5063 Pb(ilippum)
967 4959 1167 5034 Firmanum
1185 4981 1243 5060 ep.
1261 4957 1325 5034 lati
1343 4969 1380 5034 et
1396 4951 1605 5059 promulgati
1626 4954 1718 5032 inter
1734 4951 1908 5035 dominum
