4552 5786
681 539 891 630 Urlrrnrdeu.
941 535 1140 610 oexcrl.
1170 533 1388 610 down.
1412 475 1419 488 ι
1798 535 1876 616 080

189 755 298 847 με
329 755 368 820 ot
399 742 593 846 roqu'n'tos
624 767 730 818 murro
758 739 894 844 suripd
928 741 1074 844 propris
1097 745 1142 816 'ot
1161 737 1208 836 ,in
1231 737 1337 814 turo
1363 737 1514 814 torum
1545 733 1723 840 publice·
1748 739 1877 842 redegi

188 849 489 950 nemquedguo
521 845 1124 946 etnomiucsolitisn'gnsriin
1156 839 1876 948 lide-ettesdmodiomomm‘otnpre·
2005 907 2008 918 r

286 1087 345 1166 ‘tet
370 1114 441 1189 ego
466 1089 629 1163 Petrus
655 1083 831 1188 quondum
858 1083 1046 1164 Nicolui
1073 1081 1120 1162 de
1150 1081 1523 1186 Cuncziudurplr‚
1558 1081 1714 1162 clericus
1737 1084 1874 1162 Wrut.
1908 1101 2017 1172 tetus

189 1191 379 1297 dyocesis,
404 1191 569 1294 publicus
594 1189 767 1293 imperiuli
785 1187 999 1266 auctoritate
1025 1187 1184 1282 noterius
1209 1185 1397 1290 predictus
1424 1200 1462 1263 et
1479 1185 1652 1264 nunccios
1677 1187 1757 1265 sive
1774 1189 1875 1267 rese·
1891 1171 2044 1288 ‘lm'

188 1295 377 1375 render-ius
418 1293 590 1372 dicturum
622 1294 835 1398 prelatorum
867 1315 934 1396 per
958 1289 1051 1378 dum,
1080 1293 1326 1395 imperatorem
1351 1292 1627 1394 prescriptorum
1653 1292 1812 1368 omnibus
1838 1305 1876 1370 et

190 1399 342 1504 singolis
398 1399 560 1476 remissis
591 1423 663 1472 uno
696 1419 775 1474 cum
807 1394 958 1473 dominis
982 1395 1188 1472 Johonne
1213 1393 1513 1496 Apeczltonis
1539 1393 1703 1498 predicto
1730 1406 1768 1472 et
1792 1395 1874 1474 Jo-

188 1501 332 1581 henne
358 1427 406 1580 de
431 1499 892 1578 Montibus-Kothnis
919 1499 1125 1602 subscripto
1152 1511 1190 1576 et
1214 1499 1369 1575 testibus
1394 1497 1612 1600 prenurretis
1637 1516 1792 1601 presens
1818 1501 1875 1575 in·-
2034 1592 2037 1598 Ι

178 1605 295 1687 tertri
335 1631 452 1706 euque
493 1606 549 1681 sic
587 1601 665 1680 fieri
701 1601 823 1679 oudmi
849 1628 974 1704 meque
1002 1629 1081 1680 cum
1107 1602 1216 1703 signo⁴
1239 1615 1277 1679 et
1301 1604 1441 1680 nomine
1458 1602 1548 1678 meis
1575 1603 1760 1680 consuetis
1786 1605 1875 1680 sub·

189 1709 322 1814 scripsi
346 1721 495 1810 rogatus
522 1719 559 1784 et
583 1707 777 1808 requisitus
801 1707 837 1782 in
864 1707 1098 1784 testimonium
1121 1705 1300 1784 veritatis.

292 1847 346 1928 Et
370 1871 442 1950 ego
466 1846 494 1924 J
502 1845 702 1924 ohannes
729 1843 904 1948 quondum
929 1843 1116 1924 Henrici
1141 1841 1190 1923 de
1215 1840 1691 1937 Montibus-Kothuis,
1717 1843 1875 1925 clericus
1908 1851 2016 1918 (urm

188 1951 390 2054 {tingensis
422 1947 616 2052 dyocesis,
650 1947 817 2052 publicus
848 1949 1023 2052 imperiali
1054 1950 1269 2028 auctoritate
1302 1949 1478 2040 notorius,
1512 1947 1686 2024 rolucioui
1709 1947 1875 2052 predicte
1891 1919 2044 2017 ‘m'
2195 1954 2197 1959 ’

130 2085 132 2092 ’
190 2055 290 2139 suctu
316 2079 382 2158 per
407 2051 501 2132 dom.
527 2053 703 2130 Petrum
729 2047 778 2133 de
804 2047 1131 2132 Cunczendorl
1151 2051 1462 2130 Lubuceusem
1495 2052 1706 2131 canonicum
1735 2077 1875 2133 necnon

255 2157 458 2250 testucioni
483 2157 653 2260 peticioni
678 2155 857 2234 literarum
883 2170 921 2234 et
945 2151 1166 2236 diffiducimi
1192 2179 1238 2234 ec
1252 2149 1412 2232 omuibus
1430 2168 1468 2232 et
1484 2153 1637 2255 singulis
1649 2157 1874 2259 prescriptis,

188 2183 272 2344 dlis
297 2262 394 2340 sicut
417 2261 626 2364 premittitur
657 2275 850 2362 agerentur
883 2271 921 2338 et
951 2259 1095 2352 fierem,
1134 2284 1206 2336 unu
1237 2284 1316 2336 cnm
1348 2257 1558 2337 Jolrunne
1583 2259 1875 2362 Apeczconis

191 2379 229 2446 et
253 2363 390 2446 Petro
423 2361 599 2466 quondum
624 2359 673 2442 de
700 2363 1018 2443 Cuncuindurt'
1045 2361 1191 2442 clericis
1217 2375 1255 2440 et
1279 2362 1428 2440 notoriis
1460 2361 1615 2466 publicis
1648 2388 1694 2442 oc
1720 2364 1875 2442 testibus

189 2493 298 2572 prese
317 2469 326 2489 ⁹
348 2469 377 2579 Ι·
426 2493 580 2574 presens
606 2465 707 2546 suie
755 2492 801 2544 ne
828 2467 884 2546 sic
909 2469 988 2544 fieri
1013 2465 1135 2544 audivi
1160 2491 1287 2566 meque
1311 2491 1390 2546 cum
1414 2465 1543 2570 siuguu
1567 2477 1605 2544 et
1620 2467 1759 2546 nomine
1784 2459 1902 2548 mcis‘

191 2573 309 2655 solitis
360 2573 395 2650 'c
421 2571 621 2676 subscripsi
635 2571 682 2670 ⁴in
708 2571 733 2646 fi
760 2597 816 2648 em
841 2583 879 2648 et
904 2571 1138 2648 testimonium
1162 2569 1338 2648 veritatis

898 3011 1168 3105 uexuvn.
1274 3091 1282 3142 ἶ

332 3223 425 3300 ΙΙιίῑ
445 3223 631 3290 'rurum
652 3223 799 3299 δαείω
818 3224 877 3286 ut
898 3225 1036 3286 rmrmrt
1056 3221 1118 3286 otto
1138 3219 1316 3296 trtoltottor
1335 3219 1388 3282 tot
1408 3217 1563 3284 lttrhur
1583 3218 1687 3282 moto
1702 3213 1736 3292 ιλ

331 3377 389 3428 Aur
407 3377 466 3426 dom
484 3375 617 3442 ortgtrmts
634 3376 667 3424 lm
687 3373 802 3426 Arcnlre
819 3375 867 3424 rtet
884 3371 1068 3437 Domespltstn.
1102 3371 1133 3425 0.
1151 3367 1194 3423 ³7.
1228 3371 1282 3420 ltu
1300 3366 1390 3438 stupu
1406 3371 1441 3421 lrt
1457 3372 1578 3422 vorlororr
1595 3381 1743 3439 mongum

295 3510 337 3590 lu
363 3511 501 3590 nomine
527 3510 657 3589 domini
682 3535 797 3590 umen.
849 3507 1198 3602 Wencuesluus
1223 3503 1261 3582 d
1288 3529 1342 3608 gr.
1369 3505 1658 3582 Romanorum
1683 3529 1750 3584 rex
1776 3529 1874 3606 sem
1995 3567 2003 3600 ,

193 3639 258 3718 per
280 3625 460 3716 augustus
492 3627 530 3692 et
554 3615 767 3694 Bohemie
791 3637 878 3708 rex,
932 3609 981 3692 ud
1011 3623 1220 3716 perpetuum
1251 3611 1303 3687 rei
1331 3610 1533 3688 memorium
1571 3622 1695 3688 notum'
1721 3604 1874 3688 lecimus
1938 3638 1946 3655 ·
1984 3605 2016 3655 '¹²

192 3730 319 3798 tenne
351 3719 576 3822 presencium
609 3719 804 3812 universis,
858 3719 928 3796 etsi
959 3717 1089 3794 virum
1123 3713 1302 3794 commissi
1333 3715 1437 3792 nobis
1462 3711 1629 3797 divinitus
1662 3708 1773 3791 officii
1796 3737 1874 3790 mo·

192 3821 341 3904 netolic
366 3823 529 3900 conmuni
555 3825 646 3898 bono
672 3825 914 3923 subjectorum
945 3832 1142 3898 nostrorum
1174 3818 1323 3898 omnium
1353 3830 1512 3897 terremur
1542 3815 1729 3894 intendere
1755 3829 1794 3894 et
1816 3815 1874 3894 iu-

193 3923 469 4030 dempnitutibus
493 3923 697 4028 providere,
722 3925 845 4004 honum
869 3937 987 4004 tumen
1012 3921 1274 4024 numquillitotis
1299 3931 1337 3998 et
1359 3931 1477 3998 statos
1501 3931 1724 4022 augmentum
1749 3919 1874 4000 merito

193 4029 352 4115 zelemur
377 4029 568 4124 memma,
594 4031 655 4130 qui
678 4030 772 4106 intro
795 4029 990 4131 peculiaris
1016 4027 1118 4128 mgni
1143 4025 1255 4104 nostri
1280 4021 1488 4102 Bulromie
1511 4023 1643 4101 limites
1667 4023 1873 4102 residentes

194 4155 263 4213 nun
289 4133 408 4210 solum
426 4131 682 4211 honorabiliter
707 4143 745 4210 ut
767 4131 945 4210 decenter
970 4130 1079 4210 cultui
1103 4127 1222 4206 dinuo
1241 4126 1454 4206 deserviunt*
1470 4151 1592 4204 verum
1610 4128 1725 4206 eciem
1748 4129 1873 4236 proui-

192 4261 264 4338 poe
289 4233 513 4316 defensionis
539 4245 662 4314 nostre
686 4234 847 4338 presidio
872 4261 952 4314 cum
976 4234 1086 4336 plenu
1109 4257 1338 4336 personunrm
1364 4242 1402 4309 et
1417 4255 1533 4308 rerum
1556 4228 1690 4309 fiducie
1715 4256 1760 4310 se
1785 4231 1873 4307 sub·

193 4338 340 4416 mittunt.
392 4338 494 4417 Sane
520 4349 718 4442 pensantes
742 4339 777 4414 in
803 4339 931 4432 animo,
958 4335 1055 4440 quod
1070 4337 1235 4414 ecclesis
1249 4336 1401 4429 Wrut„
1427 4357 1497 4436 que
1523 4347 1583 4412 ost
1605 4336 1642 4411 in
1666 4357 1779 4435 regno
1803 4357 1870 4410 uo·

195 4455 271 4521 stru
295 4437 459 4544 predicto
477 4443 703 4547 principatus
728 4443 898 4544 insignis,
932 4453 970 4519 et
994 4440 1212 4520 venerabilis
1244 4439 1371 4542 cpiscu
1396 4464 1439 4516 us
1468 4435 1599 4516 ibidem
1624 4463 1689 4542 pro
1713 4452 1873 4542 tempure

194 4569 336 4628 necron
350 4543 603 4627 lrouorudiles.
619 4603 628 4622 .
642 4547 846 4649 prepositus
860 4601 870 4620 .
885 4601 896 4620 .
910 4541 1073 4626 ducrum
1091 4557 1130 4622 et
1146 4543 1335 4645 mpimtum
1346 4465 1496 4636 tlmt„
1522 4540 1607 4620 dire
1624 4536 1790 4621 memorie
1807 4567 1871 4620 se-
2026 4618 2028 4624 .

195 4650 382 4727 rorissimo
412 4649 561 4752 principi
592 4649 768 4752 quondu-
802 4649 894 4727 dum
918 4649 1096 4726 llorulo
1124 4649 1409 4724 Romanorum
1437 4646 1640 4748 imperotori
1664 4657 1706 4723 et
1727 4645 1871 4723 Bolre·

242 4927 274 5006 1)
300 4920 472 5000 Gedruclrt,
494 4919 577 4988 doch
599 4921 672 4986 sehr
692 4919 871 5001 lelrlerlndt,
893 4921 946 4988 bei
961 4919 1199 5010 Summemberg
1211 4917 1251 4984 Τ.
1266 4915 1318 4985 Ill.
1341 4941 1372 5010 p.
1387 4917 1441 5002 dl,
1460 4916 1548 4986 nicht
1568 4917 1675 4984 beuter
1694 4917 1747 4984 bel
1760 4917 1870 5012 Li'rnig,

302 5003 410 5098 spicil
429 5003 538 5073 eccles.
560 5006 677 5073 contin.
700 5007 738 5073 ll.
760 5031 793 5098 p.
816 5006 908 5075 1185.
1548 5103 1616 5174 w
1756 5077 1759 5084 .
