4634 5762
844 493 1055 566 domnum
1112 491 1298 568 xwrrr.
1850 497 1921 578 iil

237 737 262 762 .-
295 745 299 757 .
338 694 621 772 BeJoha'uue
636 699 726 772 vero
744 693 817 773 filio
834 695 1018 788 casote·
1033 719 1216 797 quemper
1232 721 1299 774 uas
1315 695 1545 776 inmitat-
1559 698 1758 778 Niususi
1773 703 1926 806 positam
1943 719 2025 794 (te)

234 823 327 878 erse
341 797 579 890 dicit'taiiter
596 797 868 900 impendemus,
887 797 983 900 quod
1000 807 1073 874 nos'
1084 797 1315 901 depredictu
1330 801 1358 877 J
1364 799 1552 894 channe,
1571 801 1690 904 siquid
1706 805 1926 889 fecissemus

233 902 404 994 indebite,
430 903 548 1004 parati
565 929 687 980 sumus
703 903 969 999 raoiuusbiliter
985 901 1182 980 emendare
1191 905 1383 1006 ipsumque.
1395 904 1654 1002 rohonem,
1679 911 1820 1013 quiper
1835 934 1925 990 eurr·

235 1005 321 1086 dem
336 1007 544 1110 episcopum
560 1007 679 1082 nme·
697 1005 905 1106 angariatur
919 1007 1075 1108 injuriis,
1102 1007 1329 1108 relinquimus
1341 1009 1414 1108 juri
1432 1033 1512 1086 suo.
1660 1023 1665 1032 '
1696 1025 1699 1034 '
1752 1053 1755 1061 ¹

335 1109 615 1188 Jurisdiciunem
637 1115 755 1189 autem
776 1108 948 1188 aduocati
974 1112 1204 1212 prorrucrcirs
1229 1137 1264 1188 ιιι
1288 1112 1443 1214 Nysa,
1477 1139 1580 1213 quam
1645 1141 1746 1192 ruor
1764 1117 1926 1219 impediri
1942 1132 2024 1202 (ttt.)

235 1215 477 1316 conqueritur,
490 1214 668 1290 'ruiturus
684 1227 723 1293 ct
739 1212 966 1315 mandemus,
993 1239 1059 1316 per
1075 1214 1346 1292 nullum-nostro
1360 1217 1563 1317 utdrjectum
1607 1219 1733 1296 omiuiu
1750 1220 1924 1322 impediri,

234 1315 421 1394 dummodo
438 1319 525 1393 talis
541 1329 720 1396 statuatur
741 1317 873 1396 ibidem
892 1315 1013 1419 judex
1033 1319 1238 1418 provincie,
1265 1319 1323 1419 qui
1345 1327 1432 1423 post
1451 1323 1763 1422 presentedonem
1787 1325 1924 1425 legitti-

233 1447 325 1498 mam
347 1423 457 1498 uobis
474 1422 626 1516 iactam,
652 1435 756 1525 prout
772 1427 838 1523 jus
867 1434 906 1499 et
925 1420 1151 1500 cousuetudo
1166 1420 1400 1526 depastum,
1427 1449 1452 1500 a
1475 1423 1578 1501 uubis
1604 1425 1718 1526 gledii
1742 1431 1922 1530 receperit

319 1537 461 1602 atatem
554 1531 558 1542 '
935 1535 939 1544 '
1053 1566 1056 1576 ·
1540 1571 1543 1589 ι
1653 1545 1657 1552 “

233 1539 319 1642 W
338 1629 526 1708 infamavit
548 1635 618 1706 uos
643 1625 964 1730 eciampredictus
987 1629 1214 1730 episcopus,'
1229 1629 1324 1731 quud
1346 1631 1387 1708 N
1392 1621 1643 1732 ycensib'us
1668 1631 1815 1715 clericis
1838 1661 1923 1736 pru·
1939 1653 1969 1722 (t
1984 1653 2040 1718 ιιι.)

232 1733 363 1810 hibiciu
380 1732 598 1812 decimarum
615 1731 664 1810 de
678 1745 801 1810 uoetro
819 1733 922 1810 sacto
936 1732 1044 1810 suerit
1060 1731 1240 1826 mitridate,
1267 1731 1495 1834 quartussis,
1524 1761 1591 1812 uos
1617 1738 1706 1812 euim
1730 1751 1801 1816 uon
1817 1738 1923 1818 inva-

232 1835 365 1918 dendis
382 1836 453 1918 sod
469 1835 613 1914 tuendis
630 1835 843 1914 intendinus
855 1837 997 1936 juribus
1015 1847 1052 1914 et
1069 1837 1269 1938 privilegiis
1288 1838 1515 1928 clericorum,
1541 1839 1631 1918 licet
1651 1839 1746 1918 idem
1773 1843 1922 1942 episco-

232 1967 303 2046 pus
318 1943 450 2064 uostris
467 1941 676 2041 justificare
698 1965 744 2018 se
766 1941 857 2018 velit
877 1940 1049 2032 infamiis,
1076 1937 1172 2040 quod
1197 1952 1317 2018 maten
1340 1943 1536 2044 pectoralis
1555 1941 1747 2044 'dignitatis
1766 1947 1923 2024 officium

234 2071 303 2122 m
319 2057 526 2224 rpppprptm
542 2155 711 2250 pr'ete'roe¹
726 2171 794 2222 nos
811 2146 944 2224 moueri
969 2144 1017 2223 de
1034 2145 1139 2240 villa,
1166 2171 1237 2247 que
1255 2147 1444 2250 Guoyn'a
1460 2147 1609 2243 dieitur,
1635 2150 1705 2226 sibi
1721 2148 1923 2247 reddenda,
1941 2169 1970 2236 (t
1985 2169 2041 2236 ιι.)

234 2251 328 2356 quud
347 2277 414 2330 nus
433 2251 560 2330 iacere
577 2276 645 2328 nou
663 2264 838 2344 teneatur,
865 2275 934 2328 nec
950 2251 1132 2346 volumus,
1156 2249 1317 2352 eoquod
1333 2252 1421 2330 villa
1437 2251 1619 2354 predicta,
1645 2279 1712 2355 per
1736 2278 1820 2350 uos,
1854 2279 1924 2334 nou

233 2357 269 2434 ri
294 2381 365 2433 nec
392 2356 503 2448 clam,
531 2354 602 2431 sed
612 2360 715 2455 justo
727 2353 934 2454 judicio‘sit
951 2355 1107 2430 obtenta
1607 2372 1611 2381 '
1643 2375 1646 2382 ’

335 2461 395 2536 De
413 2460 589 2562 expensis
607 2471 743 2550 sutem,
770 2467 861 2560 quas
878 2459 912 2536 in
929 2459 1027 2534 villis
1045 2457 1191 2558 copituii
1207 2473 1275 2536 uos
1295 2459 1451 2558 quaritur
1469 2460 1690 2555 extersisse,
1716 2462 1837 2541 taliter
1861 2489 1922 2542 re-
1940 2479 1969 2548 (t
1984 2477 2040 2545 Β.)
2180 2514 2184 2524 -

233 2561 470 2666 spondemus,
497 2561 594 2663 quod
611 2563 810 2640 cum'nobis
828 2561 877 2640 de
895 2567 980 2662 ju're
997 2573 1036 2640 et
1052 2560 1315 2641 cousuetudine
1332 2561 1368 2638 in
1387 2564 1496 2642 ‘bouis
1515 2565 1592 2640 suis
1614 2577 1654 2640 et
1668 2566 1834 2644 ecclesie
1851 2565 1922 2648 de-

233 2693 388 2748 scensus
413 2679 617 2769 conpetunt
640 2679 679 2744 et
700 2691 817 2744 auuue
842 2666 1048 2758 stacioues,
1089 2663 1258 2766 quidquid
1289 2665 1428 2744 numine
1455 2665 1692 2768 predictorum
1721 2672 1921 2750 stacionem

233 2772 451 2952 accepitupppi
464 2773 655 2948 restituepp
680 2769 1058 2950 ”mimmiffn
1081 2769 1209 2872 pocius
1232 2769 1594 2874 iuceterisipsorum
1610 2771 1709 2851 vittis
1728 2786 1765 2852 et
1783 2773 1921 2876 prediis

233 2901 302 2953 uun
317 2901 352 2952 ιιι
453 2901 530 2950 mus
546 2901 594 2952 uo
633 2903 643 2948 ι
694 2899 735 2951 re
766 2899 834 2950 ura
849 2899 915 2950 nus

335 2977 437 3056 Idem
455 2901 620 3057 dicimusg
632 2899 843 3070 effraim,
871 2999 1059 3076 quassos,
1079 2973 1306 3076 ,indulgendo
1325 2977 1545 3078 pauperibus
1570 2999 1707 3077 graves
1730 2981 1830 3058 curie
1853 3005 1921 3060 uo-
1938 2997 1967 3064 (ι
1983 2995 2038 3058 ru.)

233 3093 311 3160 stre
328 3095 506 3184 sumptus,
532 3087 597 3184 pr'o
615 3081 837 3158 stacionibus
856 3078 991 3158 debitis
1005 3078 1143 3178 dignati
1159 3079 1289 3157 suimus
1304 3092 1515 3180 acceptare.
2018 3085 2021 3094 ’

335 3187 395 3262 lie
412 3185 554 3262 decima
568 3210 711 3286 quoque
727 3193 893 3278 nonete‚'
913 3209 1018 3284 quam
1032 3183 1159 3285 petivit
1182 3183 1345 3276 anobis,
1371 3184 1580 3264 soluoioues
1597 3181 1742 3265 debitos
1766 3209 1834 3262 nou
1853 3207 1921 3264 ne-
1937 3203 1967 3270 u
1982 3199 2038 3266 lt)

232 3313 361 3391 gamus
383 3289 521 3382 eidem,
549 3287 735 3366 dummodo
756 3286 853 3367 iden
879 3287 1076 3390 opiscopus
1092 3287 1234 3387 sliquos
1258 3285 1306 3366 de
1330 3287 1408 3366 suis
1426 3288 1612 3368 canonicis
1636 3286 1685 3367 ad
1703 3310 1770 3366 uus
1795 3291 1920 3384 mittat,

233 3393 293 3496 qui
310 3395 488 3470 racionem
507 3394 860 3494 utilitatis-percepto
876 3391 1077 3492 intelligent
1091 3403 1132 3468 et
1148 3390 1324 3494 recipiant
1341 3389 1498 3471 debitam
1514 3392 1755 3494 sibipartem,
1783 3395 1815 3470 si
1832 3417 1921 3472 reru

232 3495 450 3576 commodius
466 3495 608 3573 ridetur
625 3495 759 3590 eidem,
782 3519 864 3574 curt
881 3496 953 3574 hoo
969 3516 1064 3572 anuo
1081 3507 1226 3573 moneta
1239 3520 1308 3572 non
1319 3495 1433 3578 'suerit
1449 3493 1598 3577 ventiito
1620 3523 1717 3576 mure
1735 3522 1821 3590 suo,
1851 3495 1921 3575 sed

231 3622 386 3705 pernes
423 3611 573 3678 servata
598 3602 730 3676 no'stris
752 3600 950 3700 sumptione
973 3611 1011 3676 et
1037 3600 1212 3700 expensis
1237 3611 1397 3692 servet„
1415 3600 1557 3703 etipse
1579 3613 1721 3682 monete
1745 3598 1921 3682 decimam

231 3717 367 3808 partem
384 3705 466 3780 atini
483 3705 636 3806 recipiet
652 3705 887 3796 usuiructum3
909 3711 984 3780 ‘tam
1003 3703 1132 3782 cambii
1155 3729 1258 3802 quam
1274 3715 1428 3784 menete.

240 3811 260 3862 ·'
332 3811 496 3886 Dicimus
527 3807 657 3886 eciudr·
674 3819 711 3883 et
734 3817 990 3909 procuramur,
1029 3805 1124 3907 quod
1154 3808 1269 3908 ipsius
1293 3806 1458 3890 homines
1477 3809 1515 3885 iu
1536 3807 1716 3886 ducendis
1739 3808 1919 3912 lapidibus
1936 3821 1965 3890 u
1981 3819 2036 3884 m.)
2060 3815 2061 3821 ’

231 3926 356 3992 contra
372 3939 473 3990 suam
489 3912 1145 4012 voluntatemuunquam·'gruravimus
1160 3923 1232 3990 uec'
1248 3908 1370 3989 udhuo
1386 3911 1600 3993 intendimus
1618 3937 1834 4012 aggravare.

262 4062 266 4075 ·
292 4031 317 4088 .’.·
334 4016 478 4096 Ottrium
496 4028 616 4092 autem
631 4017 725 4092 boue
739 4015 907 4092 irremotis
927 4015 1091 4114 magistri
1107 4012 1253 4092 ctriot
1278 4027 1322 4092 et.
1334 4015 1453 4095 villam
1469 4016 1590 4105 Biis,
1602 4062 1606 4075 ·
1616 4041 1720 4114 quam
1744 4027 1920 4115 tamquam
1936 4027 1965 4096 o
1980 4025 2036 4090 m)

231 4133 445 4222 occupatam
462 4121 649 4221 requisito
663 4119 778 4210 uobis,
805 4143 977 4220 musam
995 4117 1252 4217 occupaveras
1268 4138 1338 4198 uec
1356 4115 1725 4217 detueouscnjmto,
1753 4139 1798 4195 eo
1824 4115 1920 4218 quod

230 4225 354 4303 touiiu
370 4227 473 4302 'omia
489 4223 644 4325 qmtn
661 4223 751 4298 vilia
765 4221 939 4321 magister
954 4218 1147 4296 Vlricus
1164 4213 1231 4320 jus
1246 4221 1498 4321 possessionis
1507 4231 1649 4304 ‚tautum
1671 4243 1709 4297 a·
1736 4223 1919 4322 regenitus·

230 4327 328 4404 n‘bus
351 4327 494 4422 nostris-
508 4339 546 4404 et
560 4353 602 4402 ,ι
618 4329 730 4404 nattis
752 4326 938 4427 acceperit
967 4323 1421 4424 mortuuseue'trausmisit
1450 4325 1487 4400 iu
1511 4343 1597 4417 uus,
1612 4249 1735 4424 ..quod
1752 4326 1829 4404 vite
1850 4349 1919 4406 sue

231 4433 448 4535 temporibus
463 4431 629 4532 precario
646 4428 893 4533 possidebam.
904 4427 1000 4529 prod
1017 4433 1095 4528 jau
1113 4425 1244 4510 dedum
1259 4429 1377 4530 parati
1394 4428 1667 4514 tirimuscorau'
1678 4431 1919 4511 communibus

225 4533 412 4635 judicibus
431 4536 663 4658 comprobare
681 4546 718 4612 et
736 4533 856 4611 adhuc
873 4544 944 4609 tam
962 4533 997 4608 iu
1014 4533 1174 4636 presenti
1190 4557 1295 4632 quam
1312 4533 1472 4608 omuibus
1491 4532 1626 4610 ceteris
1645 4535 1918 4637 suprascriptis

232 4640 394 4716 amentis
411 4653 528 4742 paren
545 4663 668 4714 sums
686 4649 725 4716 ot
741 4639 871 4715 erimus
888 4636 1006 4715 eidem
1031 4635 1206 4740 episcopo
1224 4659 1344 4714 coram
1369 4637 1586 4740 competenti
1598 4634 1727 4738 judice
1744 4639 1919 4716 exhibere

232 4744 413 4840 etfacere
431 4743 548 4820 tucius
560 4741 711 4842 justicie
730 4741 1032 4866 complementum.
1604 4783 1609 4794 ·

335 4842 429 4938 Quis
450 4872 538 4924 vero
560 4841 745 4948 predictus
769 4869 966 5026 episcopus
990 4841 1146 4922 diversis
1170 4841 1318 4921 comme
1347 4844 1575 4920 monitoribus
1600 4866 1667 4922 nos
1689 4843 1858 4922 molestat
1882 4857 1919 4922 et

231 4949 378 5030 scelere
394 4951 456 5028 rel
475 4975 677 5045 excessus,
704 4974 774 5052 que
797 4949 881 5028 velo
925 4947 1159 5028 adversarius
1176 4957 1301 5026 noster
1322 4957 1360 5026 et
1376 4959 1479 5026 actor
1495 4948 1598 5026 nobis
1615 4949 1777 5054 imponit,
1805 4973 1918 5027 cone·
