4660 5762
402 515 481 594 m
791 513 1008 588 nornen.
1058 505 1231 585 mm
1258 505 1455 582 oeffll.
1483 505 1707 580 oefflll.

250 741 370 796 com
507 717 595 794 Nos
618 713 944 803 iratsrillricus,
969 711 1066 813 prior
1088 707 1226 786 md'mis
1250 706 1522 786 memmenn-
1547 717 1749 784 eourentus
1773 703 2098 782 ltstbiborieu·

404 824 491 914 ais,
517 821 624 898 'l'ilo
649 819 698 896 de
722 813 992 906 Semoradu,
1018 813 1336 890 Weucealaus
1361 810 1411 890 de
1436 810 1650 888 Stwolna
1673 821 1713 887 et
1738 809 1908 886 Psulus
1931 806 1983 886 de
1999 810 2100 896 rto-

404 926 591 1028 leyouiu
614 935 780 1001 rectores
805 919 1058 1008 ecclesiarum,
1083 929 1202 992 notum
1226 915 1381 994 tacimus
1406 915 1586 990 universis
1603 927 1798 1014 presentes
1813 913 1956 989 litteras
1972 913 2099 1014 iuspe-

405 1029 519 1108 eturis
543 1024 638 1128 rprod
663 1023 883 1102 veomabilis
906 1033 1013 1123 patm
1037 1019 1131 1096 doun
1149 1019 1358 1108 Thomas,
1385 1016 1493 1117 dgr.
1514 1041 1575 1119 ep.
1593 1018 1744 1109 Wrat,
1771 1018 1840 1092 sub
1857 1013 2100 1092 anuodon‘m'

243 1125 380 1256 ,o
405 1126 839 1326 retemta
852 1121 1835 1328 oseem-³·
1805 1117 2099 1300 mene

406 1339 492 1416 riois
517 1349 557 1414 et
581 1333 689 1412 laicis
713 1334 809 1410 infra
834 1333 980 1408 missam
1005 1331 1237 1407 monicionera
1263 1329 1353 1406 serit
1378 1329 1414 1403 in
1439 1327 1587 1428 scriptis
1610 1327 1757 1428 publice
1782 1327 1818 1402 in
1843 1327 1919 1426 bec
1939 1327 2072 1402 rerba:

247 1430 378 1528 achar
509 1444 558 1515 ln
575 1447 718 1516 morae
736 1443 876 1512 domini
892 1463 1013 1510 amem
1048 1433 1238 1510 Pastorem
1264 1433 1374 1533 culpa
1397 1431 1632 1508 vehementer
1656 1429 1853 1529 redarguit,
1880 1430 1914 1508 ai
1937 1427 1988 1504 ad
2005 1453 2098 1505 can-

271 1555 350 1624 lfflt
404 1543 463 1620 las
489 1567 582 1620 oves
606 1565 677 1620 non
702 1551 854 1617 revocat
878 1540 1101 1628 oberrantes,
1128 1537 1212 1640 quia
1237 1535 1440 1612 excusacio
1465 1535 1627 1636 pamoris
1645 1557 1715 1608 non
1732 1545 1804 1626 cst,
1830 1534 1866 1608 si
1882 1533 1989 1634 lupus
2006 1557 2098 1609 ores

246 1625 380 1682 mm
405 1644 576 1726 comedat
599 1657 640 1722 et
689 1654 790 1718 aster
814 1643 967 1741 ignoret,
993 1641 1089 1716 sicut
1115 1640 1244 1739 regola
1262 1640 1358 1738 juris
1384 1636 1513 1729 docet,
1540 1635 1743 1714 etidcirco
1768 1661 1855 1726 nos,
1882 1635 2095 1724 Thomas,

404 1748 442 1826 d
469 1773 523 1848 gr.
552 1771 611 1849 ep.
698 1757 797 1835 rot,
829 1745 888 1844 qui
913 1741 1156 1821 sollicitudine
1182 1741 1355 1843 pastoraii
1382 1741 1654 1840 constringimur
1684 1739 1939 1828 advertenms,
1971 1763 2098 1838 quam-

404 1852 587 1955 plurimos
607 1847 657 1926 de
688 1848 821 1924 uostris
855 1845 1008 1922 subditis
1042 1871 1165 1936 errare
1190 1847 1225 1920 iu
1252 1847 1313 1920 via
1339 1870 1486 1937 morum,
1520 1845 1556 1917 in
1589 1867 1635 1920 eo
1668 1842 1764 1944 qnod
1798 1867 1866 1919 non
1893 1843 2097 1932 observant,

404 1979 471 2058 per
497 1979 564 2030 nos
589 1950 856 2028 racionabiliter
881 1959 919 2026 et
943 1949 1118 2048 legittime
1142 1949 1250 2024 latam
1276 1949 1312 2022 in
1338 1959 1468 2024 terram
1493 1947 1644 2021 illustris
1670 1947 1841 2048 principis
1861 1944 1956 2021 dour.
1974 1946 2097 2021 llen·

405 2057 503 2148 rici,
530 2055 636 2132 ducis
663 2053 821 2132 Slcuie
848 2063 886 2128 et
911 2050 1005 2126 dom.
1025 2052 1179 2142 Wrat,
1206 2051 1391 2150 generalis
1418 2051 1641 2127 sentenciam
1665 2049 1858 2141 interdicti,
1885 2073 1943 2126 nc
1969 2073 2095 2124 erran·

405 2173 465 2238 tes
491 2157 651 2234 adriam
676 2153 901 2234 rectitudinis
918 2154 1085 2230 volentes
1111 2153 1203 2228 omni
1229 2153 1308 2228 nisu
1336 2177 1405 2252 quo
1430 2179 1624 2256 possumus
1649 2177 1837 2244 revocare,
1865 2177 1912 2229 ne
1935 2175 2004 2254 per
2028 2175 2095 2226 uos

406 2287 517 2354 error,
545 2261 602 2336 cui
629 2281 699 2334 non
724 2258 904 2335 resistitur
928 2258 1155 2358 approbetur,
1181 2279 1364 2332 monemus
1385 2256 1597 2356 specialiter
1621 2257 1743 2358 primo,
1770 2253 1936 2332 secundo
1959 2267 1998 2331 et
2020 2267 2096 2330 ter·

406 2365 465 2444 oio
491 2362 727 2465 peremptorie
760 2361 794 2436 in
829 2359 899 2434 biis
932 2359 1078 2460 scriptis
1104 2360 1371 2458 llartnngum
1405 2356 1454 2434 de
1479 2359 1688 2451 Bicbina,
1722 2356 2021 2436 Theodricum
2046 2355 2097 2434 de

407 2469 604 2566 Antiquo
632 2462 883 2554 Natesione,
916 2461 1150 2538 Nicolaum
1175 2459 1308 2538 dictum
1335 2463 1574 2540 Brnnernm
1600 2460 1649 2539 de
1675 2463 1898 2552 Nemcbe,
1924 2462 2096 2538 Preca-

315 2645 320 2658 ,
408 2571 521 2644 laum
546 2566 779 2644 deanow
805 2577 842 2642 et
860 2565 1092 2642 Heluicum
1119 2563 1521 2644 deWezwrocoua
1544 2577 1709 2642 rectores
1732 2565 1981 2656 ecclesiamm,
2006 2585 2099 2664 quos

407 2671 503 2748 sieut
529 2681 566 2746 et
590 2670 684 2744 alios
711 2669 918 2770 omnesqui
944 2691 1013 2743 non
1040 2677 1190 2745 serrant
1214 2669 1325 2744 nostri
1351 2669 1572 2746 sentenciam
1598 2667 1778 2746 interdicti
1804 2666 2001 2746 secondum
2028 2691 2095 2743 ca-

407 2795 523 2848 rrenes
557 2771 806 2872 suspensionis
838 2779 876 2848 et
907 2769 1089 2847 interdicti
1120 2772 1330 2847 sentencias
1363 2783 1401 2847 et
1425 2772 1709 2872 irregularitatis
1748 2797 1877 2873 penam
1912 2793 1959 2848 ac
1986 2775 2096 2870 juxta

409 2873 692 2952 eonsbtneiones
707 2871 927 2951 venerabilis
951 2873 1066 2980 patris
1090 2871 1183 2950 dom.
1202 2873 1414 2974 Philippi,
1441 2872 1478 2948 d.
1505 2897 1560 2974 gr.
1578 2875 1773 2950 Firmani
1799 2899 1858 2976 ep.
1876 2871 1958 2950 sed.
1975 2885 2093 2976 opust

407 2977 495 3076 leg,
528 2977 792 3078 promulgamus
823 2999 873 3052 ex
906 2999 1023 3052 causa
1053 2975 1218 3077 predicta
1249 2985 1646 3054 excommunicacionis
1682 2982 1841 3074 majoris
1869 2984 2095 3052 mommo

238 3095 282 3152 ιι.
301 3101 385 3164 soor.
407 3087 625 3166 iocor-risse,
656 3091 833 3178 qmtenua
858 3089 897 3156 et
921 3077 1100 3156 interdicti
1124 3081 1320 3156 observent
1345 3080 1568 3158 semenciam
1594 3093 1772 3180 eiusque
1797 3078 1848 3156 ad
1873 3103 2000 3156 ceram
2025 3077 2094 3154 do-

408 3183 490 3258 mini
516 3181 710 3284 proxim
732 3181 892 3282 graciam
912 3181 1099 3282 implorent
1118 3184 1241 3258 matris
1257 3182 1422 3261 ecclesie
1440 3181 1540 3258 etad
1556 3187 1640 3284 ejus
1753 3184 1823 3258 ‘um
1836 3184 1992 3284 exploso
2007 3205 2098 3258 con·

406 3297 539 3388 tempto
554 3284 729 3386 pertinaci
741 3283 917 3361 humiliter
927 3295 1162 3376 revertantur,
1176 3285 1300 3362 scituri
1316 3284 1445 3386 quodsi
1459 3297 1543 3362 tunc
1554 3287 1590 3360 in
1603 3207 1948 3388 eodbwcontemptu
1963 3285 2096 3386 persti-

407 3389 524 3478 terint,
552 3399 674 3464 nostro
701 3387 873 3491 exigente
897 3386 1019 3464 officio
1043 3411 1199 3464 normam
1217 3389 1313 3486 juris
1339 3389 1590 3466 exercebimus
1616 3390 1718 3467 circo
1741 3391 1856 3490 ipsos.
1891 3389 1945 3464 lor
1969 3413 2094 3488 quam·

328 3511 339 3532 ·
407 3491 465 3564 vis
491 3489 585 3565 sorte
609 3487 812 3588 hujusmodi
838 3490 989 3566 municio
1015 3487 1167 3567 deberet
1191 3491 1227 3565 in
1254 3490 1428 3568 ecclesiis
1459 3491 1537 3568 lieri
1571 3491 1829 3593 predictorum,
1861 3504 1978 3569 tamen
2010 3515 2094 3592 pro—

407 3605 488 3694 pter
518 3603 644 3667 metum
677 3589 831 3692 predicti
865 3589 988 3682 ducis,
1021 3593 1078 3692 qni
1111 3617 1181 3668 non
1213 3593 1328 3668 solun
1354 3594 1548 3672 cmciatnm
1581 3596 1744 3697 eorporis
1776 3593 1848 3672 sed
1880 3607 1919 3673 et
1952 3605 2095 3670 mortem

406 3693 635 3770 monitoribus
665 3693 904 3786 machinatur,
935 3693 1051 3796 ipsam
1083 3696 1313 3773 municionem
1347 3696 1500 3773 lecimus
1531 3698 1568 3774 in
1593 3699 1783 3776 hocloco.
1836 3698 1878 3773 ln
1911 3702 2017 3798 cnjus
2042 3697 2095 3773 rei

407 3797 643 3874 testimoninm
669 3795 792 3896 sigilla
816 3807 941 3874 nostra
964 3798 1083 3899 rogati
1107 3823 1174 3901 per
1197 3797 1396 3901 predictum
1422 3811 1559 3902 patrem
1585 3803 1814 3903 presentibus
1839 3800 2007 3878 duximus
2026 3823 2095 3900 ap-

407 3895 613 4000 pendenda
666 3899 797 3976 Datum
825 3909 863 3978 et
887 3911 1004 3977 actum
1030 3899 1103 3996 die,
1130 3903 1213 3979 loco
1239 3915 1277 3979 et
1302 3925 1395 3980 anno
1420 3901 1606 4008 predictis.

241 4341 384 4398 cem,
512 4307 719 4430 lnunomine
744 4307 875 4386 domini
898 4333 1015 4387 amen.
1068 4311 1152 4387 Nos
1182 4311 1399 4434 fflbomas,
1434 4314 1471 4390 d.
1498 4338 1553 4415 gr.
1589 4340 1647 4418 ep.
1675 4314 1826 4436 visent,
1859 4323 1975 4435 notum
2001 4311 2096 4388 saci·

239 4423 384 4562 ¹⁸·¹ib
408 4409 1758 4622 tltttrltsstrttt‘ltifflniititttttrienni
1773 4414 2096 4596 liiio'ih‘oiii

311 4677 313 4688 .
407 4613 595 4714 pcionibns
628 4613 676 4692 de
709 4615 861 4694 caritate
894 4615 1119 4695 venientibus
1149 4643 1215 4721 pro
1249 4621 1431 4722 cnlpamm
1463 4621 1591 4720 quibus
1623 4621 1694 4722 ipsi
1726 4621 1949 4698 involvuntur
1979 4620 2096 4696 subici

407 4715 591 4812 qualitate,
617 4739 664 4792 ne
714 4716 874 4796 arcendo
899 4717 947 4794 ali
972 4719 1076 4798 uibus
1101 4721 1136 4796 ia
1162 4723 1295 4800 crimen
1321 4723 1435 4800 ceteri
1461 4719 1699 4816 adducantur,
1727 4737 1764 4801 et
1780 4749 1848 4800 nos
1865 4721 2095 4799 Hartbun-

408 4837 503 4990 pnm
520 4814 568 4894 de
587 4743 801 4918 Bycbina,
821 4745 1121 4902 nemincum
1140 4822 1189 4900 de
1205 4825 1402 4922 Antiquo
1419 4824 1682 4919 Nominlow,
1709 4826 1944 4903 Nicolaum
1962 4823 2097 4902 dietum

449 4939 679 4996 rrrnuerum
704 4917 752 4998 de
769 4921 986 5016 Nemcbe,
1010 4923 1283 5002 Pribinlaum
1306 4923 1355 5004 de
1374 4925 1538 5004 Turow
1563 4941 1601 5005 et
1623 4929 1863 5006 Heluicum
1886 4926 1936 5004 de
1952 4927 2096 5006 Wen-
