4594 5774
843 497 1053 574 Urtmrtou
1109 497 1245 570 (11Χῶ
1267 605 1272 614 .
1809 497 1889 578 m

199 701 418 808 provinciam
442 711 483 780 et
508 703 577 780 seb
601 725 650 780 es
674 701 890 780 consn'mtes
915 699 1104 803 dyoceses
1136 698 1396 802 qnmdo'upna
1428 711 1507 780 erat
1538 714 1578 782 et
1610 702 1731 783 tense
1761 713 1888 784 coubs

199 807 297 886 tales
327 818 595 910 presumpturos
625 817 726 884 tenta
756 816 795 884 et
824 806 1044 884 inconcusse
1069 805 1281 894 mserum,
1315 827 1426 906 qnare
1459 803 1509 880 ad
1533 805 1724 884 mmnde·
1756 809 1886 886 obser·

200 912 387 990 vacionem
414 935 481 986 nus
508 921 545 988 et
571 933 694 986 omnes
719 919 757 986 et
783 909 914 1010 singuli
939 909 1048 985 nostri
1075 906 1174 986 dicte
1201 921 1323 984 nostre
1349 908 1533 1012 provincie
1551 911 1770 1012 suffraganei
1793 913 1886 990 obli·

200 1039 340 1116 gamus.
395 1012 496 1092 Serre
524 1038 602 1090 cum
628 1009 753 1090 dolore
780 1012 978 1104 referimus,
1006 1009 1213 1113 quodlicet
1239 1009 1288 1088 ud
1314 1025 1469 1090 nostram
1495 1013 1662 1090 noticiam
1688 1027 1823 1092 certam
1849 1029 1888 1096 et

200 1115 431 1196 indubitatam
456 1118 595 1194 iteratis
620 1117 761 1194 vicibus
787 1141 837 1192 ex
862 1115 1045 1194 relacione
1070 1114 1289 1217 ydoneorum
1305 1117 1456 1207 pirorum
1482 1116 1579 1194 lama
1601 1118 1717 1196 emam
1742 1121 1888 1220 publica

202 1219 392 1300 deserente
424 1222 472 1296 sit
504 1235 542 1296 et
565 1221 672 1298 suerit
703 1217 896 1296 deductum
929 1217 977 1296 de
1011 1217 1151 1296 domino
1176 1221 1380 1298 Bolcone
1413 1217 1509 1298 duce
1535 1219 1886 1323 Swydniuensi,

201 1325 398 1426 quiiminus
426 1329 530 1424 juste
557 1337 595 1400 et
619 1321 779 1400 indebite
804 1335 919 1398 monus
947 1323 1153 1424 periculose
1185 1323 1384 1424 illaqueare
1417 1349 1460 1400 se
1493 1323 1554 1402 dei
1581 1325 1705 1402 timore
1735 1337 1887 1428 postpo-

202 1431 272 1506 situ
297 1429 434 1506 omnine
461 1425 635 1504 dubitavit
661 1427 843 1527 colligatis
869 1426 1010 1529 proprie
1037 1427 1229 1504 uoluntatis
1256 1453 1324 1504 sue
1349 1429 1568 1528 quadbus
1603 1440 1641 1506 et
1664 1432 1888 1531 pertenentis

202 1533 434 1634 conplicibus
461 1531 654 1634 nepharius
680 1530 888 1608 invasiones
916 1543 953 1606 et
978 1529 1268 1632 depredaoiuues
1291 1531 1472 1608 violentas
1496 1532 1629 1611 inferre
1654 1557 1746 1608 ausu
1772 1547 1887 1611 teme

201 1637 311 1728 uario,
346 1646 383 1710 ut
408 1634 553 1724 dicitur,
585 1636 621 1710 in
647 1635 809 1710 bouriues
835 1632 932 1736 opidi
959 1634 1195 1728 Grotkow,
1229 1633 1324 1737 quud
1358 1647 1416 1714 eat
1441 1636 1608 1716 ecclesie
1632 1637 1888 1713 Wratisla-
1984 1639 1989 1650 '

202 1739 389 1827 niensis,
420 1739 517 1816 etin
542 1739 658 1840 ipsum
684 1736 826 1840 opidum
851 1739 932 1814 sine
956 1737 1079 1838 aliqua
1103 1763 1218 1816 causa
1243 1740 1510 1840 presumpserit,
1537 1741 1698 1840 quamvis
1721 1753 1806 1818 eruc
1832 1742 1889 1816 in·

201 1857 258 1922 ter
291 1899 336 1918 ..
379 1843 587 1944 episcopum
619 1841 1047 1919 Wratislauieusem
1089 1857 1127 1919 et
1167 1869 1268 1918 snum
1306 1843 1497 1944 capitulum
1622 1844 1889 1946 canonicosque

202 1948 345 2022 Wrnt.
380 1958 417 2022 et
449 1946 542 2023 iuter
574 1946 757 2047 ipsum..
791 1943 920 2022 decern
952 1944 1138 2047 predictos
1171 1961 1314 2046 trewge
1348 1958 1504 2024 tractme
1536 1959 1573 2024 et
1604 1947 1742 2024 lirmate
1756 1979 1759 1988 ⁷
1774 1948 1889 2026 literis

202 2051 419 2128 auetorrticis
446 2048 495 2126 ad
521 2051 657 2128 certum
683 2050 863 2126 termium
890 2049 981 2150 ipsis
1014 2048 1166 2126 nondum
1197 2050 1405 2150 exspirans,
1439 2059 1478 2124 ut
1503 2049 1643 2145 dicitur,
1670 2052 1887 2145 extitissent,

202 2157 355 2257 ipseque
381 2209 418 2228 ..
446 2150 521 2229 dux
548 2152 679 2230 dictum
705 2151 847 2254 opidum
874 2165 912 2230 et
937 2157 1019 2252 ejus
1044 2153 1207 2228 honriues
1232 2152 1456 2246 invadendo,
1492 2167 1530 2228 ut
1553 2155 1746 2246 asseritur,
1774 2177 1887 2234 occo·-

202 2257 344 2360 paverit
375 2268 413 2334 et
444 2255 582 2334 detinet
615 2269 652 2334 ct
685 2255 874 2334 detinuerit
904 2267 1133 2356 occupatum,
1170 2258 1316 2358 insuper
1349 2313 1358 2331 .
1386 2311 1395 2331 .
1427 2257 1589 2358 prolatos
1621 2270 1660 2335 et
1692 2259 1888 2338 onenious

204 2386 328 2438 omnes
361 2373 398 2437 et
431 2361 593 2461 singulos
625 2359 724 2438 dicte
749 2361 890 2436 Wrat.
924 2359 1087 2437 ecclesie
1118 2361 1152 2434 in
1185 2362 1293 2436 rebus
1326 2361 1408 2436 eliis
1435 2371 1473 2438 et
1503 2363 1669 2463 personis
1695 2361 1888 2440 eorundem

204 2463 399 2556 diffidavit,
426 2476 572 2566 propter
597 2462 710 2564 quood,
743 2464 776 2538 si
801 2464 853 2538 ita
878 2475 954 2553 est,
981 2488 1050 2540 non
1076 2475 1136 2540 est
1161 2461 1301 2540 dubium
1327 2465 1440 2566 ipsum
1467 2491 1530 2566 pro
1558 2479 1630 2542 tam
1654 2466 1792 2542 notorio
1817 2491 1887 2543 en-

205 2593 316 2648 ceseu
349 2580 387 2644 et
419 2593 508 2644 suos
541 2568 736 2670 complices
770 2565 998 2667 singulariter
1031 2565 1194 2666 singulus
1226 2568 1352 2666 uigore
1385 2565 1558 2646 dictarum
1595 2571 1889 2648 corrstitncionunr

203 2697 331 2776 penem
357 2672 393 2746 in
418 2670 592 2774 predictis
618 2672 763 2748 statutis
788 2680 989 2747 contentam
1014 2669 1220 2746 iucurrisse.
1256 2671 1309 2746 Et
1334 2672 1495 2772 quamvis
1520 2674 1592 2749 sint
1614 2674 1722 2776 culpe
1747 2675 1782 2748 iu
1809 2675 1887 2775 qui-

204 2777 272 2852 bns
299 2775 407 2878 culpa
431 2789 490 2852 est
516 2777 685 2852 relaxare
710 2772 915 2867 vindictam,
941 2786 1070 2868 tumen,
1098 2788 1135 2848 nt
1159 2773 1413 2874 intelleximus,
1440 2774 1540 2854 dicta
1565 2789 1702 2854 statuta
1724 2791 1797 2852 torn
1823 2783 1888 2854 sa·'

204 2879 352 2956 lubritcr
367 2903 431 2980 pro
459 2880 550 2956 buno
577 2891 672 2956 statu
700 2877 940 2958 ecclesiarum
967 2889 1004 2954 et
1029 2876 1258 2970 subditorum,
1287 2887 1323 2952 nt
1348 2879 1567 2980 premittitur,
1590 2883 1826 2981 promulgata,
1852 2883 1888 2958 iu

205 2995 302 3062 terra
334 2980 422 3060 dicti
455 2981 560 3060 ducis
594 2995 720 3060 contra
751 2982 848 3058 tales
879 2981 1039 3058 rebelles
1072 2992 1110 3058 et
1134 2991 1279 3082 propter
1310 3005 1429 3058 eurtum
1455 2975 1608 3058 insultus
1641 2995 1679 3060 et
1705 3007 1889 3060 excessus

205 3087 375 3174 notorius,
401 3098 439 3161 ut
464 3083 604 3180 dicitnr,
630 3087 768 3162 nrinime
793 3087 1039 3173 observantur,
1065 3085 1101 3160 in
1125 3081 1361 3186 prejudicium
1381 3083 1676 3186 delinquenoinm,
1703 3087 1889 3164 ccclesia·
1959 3167 1963 3176 ,

204 3217 279 3266 rum
304 3190 492 3290 wciosqec
519 3191 702 3292 provincie
729 3203 767 3266 et
790 3188 976 3290 presertim
1003 3213 1097 3265 nnuc
1121 3189 1286 3265 ecclesie
1314 3187 1452 3264 Wrat.
1478 3201 1516 3266 et
1539 3189 1575 3264 in
1601 3190 1784 3266 multarum
1809 3191 1889 3266 arri·

204 3319 337 3372 marom
361 3293 568 3396 periculum,
594 3319 671 3371 com
698 3293 877 3395 inpunitas
904 3291 1187 3392 delinquenoinm
1211 3293 1424 3370 incentivum
1440 3305 1622 3394 provocat
1647 3291 1887 3394 dellnqnendi,

68 3425 73 3430 ·
206 3411 244 3476 et
277 3398 360 3498 qnia
391 3423 512 3498 parurn
539 3409 661 3474 estet
687 3397 901 3474 execucioni
928 3394 1050 3474 debite
1076 3393 1343 3473 demandantur.
1380 3395 1623 3500 Quapropter,
1650 3399 1685 3472 si
1710 3400 1889 3500 premissa

206 3501 360 3580 vertute
386 3501 549 3592 nitantur,
574 3501 679 3576 vobis
703 3501 739 3576 in
765 3501 894 3577 virtute
920 3511 1049 3576 sancte
1081 3498 1294 3578 obediencie
1320 3511 1358 3578 ct
1382 3501 1448 3577 sab
1473 3525 1569 3602 pena
1592 3499 1798 3579 districcins
1821 3529 1889 3606 sy-

206 3603 330 3682 nodali
355 3604 496 3680 seriose
521 3603 740 3704 injungendo
766 3602 986 3692 mandamns,
1013 3616 1188 3704 quatenus
1214 3601 1449 3682 reverendum
1473 3605 1618 3684 lratrem
1650 3617 1806 3682 nostuuu
1838 3649 1889 3664 -

206 3708 382 3786 dominnm
416 3708 705 3800 Preczlaum,
738 3709 945 3810 episcorum
970 3707 1111 3783 Wrnt.
1144 3707 1342 3810 predictum
1375 3709 1540 3809 aliosque
1573 3735 1716 3810 quorum
1740 3711 1892 3787 interest

206 3813 268 3890 vel
300 3811 461 3888 intererit
492 3813 729 3912 personaliter
761 3837 829 3891 aco
881 3823 1003 3904 entes,
1037 3835 1116 3888 enm
1149 3825 1187 3888 et
1221 3837 1287 3888 eos
1320 3837 1370 3888 ex
1403 3825 1507 3914 perte
1533 3826 1656 3890 nostra
1687 3811 1890 3890 indumine

208 3917 398 3994 oenmtive
422 3915 606 3992 borternini
631 3916 819 4017 requiratis
845 3928 882 3994 et
908 3915 1108 3994 efficaciter
1132 3939 1203 3990 nno
1228 3913 1350 3992 edicto
1375 3939 1441 4016 pru
1465 3917 1578 3992 tribus
1600 3929 1637 3994 et
1654 3917 1889 4018 peremptorie

209 4019 401 4111 moneatis,
436 4029 612 4120 quatenus
642 4045 706 4122 pro
743 4018 893 4096 comodo
919 4019 1156 4096 ecclesiarum
1187 4019 1305 4095 tocius
1329 4019 1514 4119 provincie
1546 4031 1584 4097 ct
1608 4015 1796 4121 presertim
1822 4044 1889 4097 ec·

208 4123 326 4202 olesie
351 4147 418 4200 sue
444 4119 609 4225 predicte
642 4135 681 4200 ct
713 4123 804 4200 bono
829 4133 925 4198 statu
958 4120 1150 4200 earundem
1181 4119 1282 4198 dicta
1313 4133 1449 4198 statuta
1473 4123 1566 4199 iulia
1591 4126 1751 4225 spacium
1787 4124 1890 4200 nnius

209 4227 343 4304 mensis
368 4251 393 4302 a
418 4225 506 4302 data
530 4227 755 4328 presencium
781 4227 953 4304 observet
977 4238 1015 4302 et
1039 4226 1153 4302 faciat
1178 4227 1224 4301 ab
1250 4226 1333 4302 nliis
1360 4227 1418 4301 ubi
1452 4250 1543 4326 opus
1568 4226 1889 4304 sueritinriulabi-

208 4331 292 4407 liter
317 4331 520 4424 observari,
547 4331 712 4431 alioquin,
738 4329 826 4408 licet
849 4330 959 4422 inviti,
980 4334 1090 4429 juxta
1115 4329 1340 4429 exigencism
1366 4330 1511 4428 negocii
1536 4343 1574 4407 et
1598 4331 1805 4432 qualitatem
1829 4329 1889 4406 ia·

209 4435 271 4525 uti,
298 4433 491 4510 observato
511 4435 605 4533 juris
631 4432 756 4510 ordine
782 4445 908 4511 contra
930 4435 942 4508 i
968 4458 1045 4508 sum
1071 4457 1138 4509 nos
1163 4430 1365 4535 procedere
1398 4435 1591 4535 oportebit,
1628 4445 1666 4510 ct
1696 4457 1743 4512 ne
1770 4431 1890 4511 dictus

212 4593 251 4614 ..
279 4537 474 4639 episcopus
501 4537 905 4614 Wratislauiensis
938 4461 986 4614 de
1012 4537 1115 4612 bunis
1142 4537 1305 4614 ecclesie
1331 4561 1398 4613 sue
1424 4537 1558 4616 alienet
1583 4537 1643 4614 vel
1675 4537 1889 4638 inalienare

210 4641 480 4730 alieuaciuneru,
509 4641 777 4720 submissionem
795 4651 857 4716 ant
874 4641 1142 4742 subjeccionem
1160 4643 1337 4733 bonorum,
1365 4639 1557 4743 opidorum,
1584 4653 1793 4736 castrorum,
1819 4639 1889 4720 de-

210 4748 389 4836 cimarum,
414 4742 575 4818 villarum
601 4742 699 4822 dicto
725 4743 888 4824 ecclesie
914 4745 1126 4822 consenciat
1150 4757 1212 4820 sut
1236 4745 1423 4820 submittat
1441 4757 1504 4820 out
1528 4745 1694 4838 subiciat,
1748 4751 1889 4848 rupter·

97 4947 100 4954 ,
209 4847 307 4950 quod
332 4845 425 4925 dens
450 4848 564 4924 iratos
588 4848 724 4924 sobnas
749 4849 920 4952 percutit,
953 4849 1179 4950 presentibus
1212 4848 1281 4924 sibi
1316 4859 1499 4950 exparte
1532 4861 1656 4926 nostra
1686 4849 1888 4928 in‘entes
1931 4915 1935 4926 ,

211 4950 322 5032 etde
348 4949 534 5054 premissis
560 4947 691 5029 dutum
718 5007 755 5027 ..
782 4954 990 5056 episcopum
1019 4950 1240 5030 informando
1273 4963 1310 5029 ct
1335 4952 1405 5028 sibi
1436 4952 1695 5138 intimaciopcm
1718 4951 1888 5036 faciendo

1635 5073 1657 5138 9
