4552 5786
829 505 1039 578 Urlundeu.
1094 444 1261 576 GOEXV.
1617 537 1625 546 ·
1805 502 1883 580 877

206 707 382 787 «bonesen
408 733 454 786 ac
480 708 584 784 alias.
600 707 746 784 ubilibet
771 707 971 784 constitubs
998 717 1179 784 eteorum
1206 705 1350 782 cuilibet
1375 701 1583 782 insolidum
1608 715 1746 784 unecnon
1772 707 1883 784 omni·

209 815 276 890 bns
304 824 342 890 et
366 813 519 912 singubs
545 809 695 888 donnus
721 809 884 903 ducibus,
911 811 1107 898 comitibus,
1135 809 1414 900 vicecomitibus,
1442 809 1712 902 marchionibus,
1741 811 1883 888 baroni·

209 919 293 1006 bus,
327 917 510 1006 militibus,
537 914 749 1006 domicellis,
776 915 988 1016 capitaneis,
1021 913 1148 990 balivis
1175 937 1245 990 nec
1266 937 1333 988 non
1360 911 1532 988 curiarum
1557 922 1628 988 tam
1654 914 1883 1014 spiritualium

207 1045 310 1120 quam
337 1020 578 1122 temporalium
604 1043 650 1094 ac
676 1030 856 1108 terrarum,
884 1017 1077 1109 civitatum,
1103 1014 1296 1118 opidorum,
1323 1026 1531 1109 castrorum,
1557 1017 1716 1091 villarum
1743 1029 1780 1094 et
1805 1017 1883 1092 uui·

207 1123 415 1200 versitatum
432 1147 716 1223 quarumcunque
734 1117 937 1222 majoribus,
964 1120 1162 1196 rectoribus
1180 1145 1246 1196 seu
1269 1119 1574 1219 gubernatoribus,
1601 1121 1772 1212 scabinis,
1798 1145 1883 1222 pro-

209 1227 426 1316 consulibus
447 1225 663 1316 corrsulibns,
683 1223 832 1316 civibus,
859 1222 1035 1325 opidanis,
1062 1223 1201 1317 incolis,
1228 1224 1414 1326 prefectis,
1441 1221 1680 1314 reddituariis,
1708 1225 1883 1299 castella·
1952 1242 1975 1306 ·,

209 1331 277 1419 uis,
304 1330 550 1420 marescalcis,
571 1327 767 1428 jndicibus,
795 1327 972 1420 scultetis,
1000 1325 1202 1416 advocatis,
1224 1327 1440 1426 justitiariis
1467 1327 1718 1418 servientibus,
1740 1328 1882 1419 scribiS,

209 1435 407 1536 pretoribus
435 1446 472 1510 et
498 1433 579 1508 aliis
605 1433 870 1532 quibuscunque
896 1431 1072 1532 personis,
1099 1457 1164 1532 per
1189 1455 1313 1529 regna,
1341 1430 1506 1521 ducalius,
1535 1432 1722 1507 comitatus
1749 1443 1883 1530 etpro·
1955 1436 1964 1446 ‘

210 1537 340 1612 vinbas
366 1533 550 1638 predictas
576 1531 861 1634 jurisdictionem
887 1535 1115 1634 temporalem
1150 1545 1186 1610 et
1212 1531 1422 1608 ordinariam
1448 1559 1582 1634 perse
1613 1533 1674 1608 vel
1701 1533 1793 1608 alios
1819 1557 1883 1634 pro

209 1652 369 1741 tempore
395 1639 650 1716 exercentibus
676 1639 904 1738 omnibusque
931 1638 1012 1712 aliis
1039 1650 1076 1713 et
1105 1637 1267 1736 singulis,
1294 1663 1436 1736 quornm
1460 1635 1619 1729 interest,
1646 1637 1805 1712 intererit
1823 1648 1884 1710 aut

209 1744 388 1819 interesse
420 1743 549 1842 poterit
579 1740 839 1841 qrromodclibet
872 1742 907 1816 in
939 1741 1103 1829 brunum,
1144 1741 1409 1841 quibuscunque
1440 1743 1635 1816 nominibus
1670 1751 1885 1818 censeantur

209 1860 273 1922 erut
297 1871 505 1946 quiscunque
537 1845 764 1945 prebrlgeant
797 1843 971 1942 dignitate
996 1869 1045 1922 ac
1067 1844 1117 1918 illi
1150 1844 1210 1920 vel
1243 1845 1326 1935 illis,
1361 1869 1462 1943 quiem
1488 1845 1548 1920 vel
1574 1868 1664 1942 quos
1697 1843 1898 1922 insuescit--

209 1957 304 2051 ptum
330 1950 444 2049 tangit
470 1950 645 2048 negotium
673 1949 866 2024 comuniter
889 1948 949 2024 nel
976 1943 1114 2022 divisim
1132 1948 1429 2040 Hieronimus,
1457 1945 1516 2023 dei
1543 1959 1580 2024 et
1606 1947 1883 2048 apostolicese·

211 2052 269 2128 dis
296 2054 412 2151 gratia
437 2053 631 2155 episcopus
649 2051 1114 2150 Brandeuburgensis,
1135 2049 1254 2149 judex
1280 2063 1317 2127 et
1342 2064 1518 2128 executor
1543 2075 1612 2126 una
1628 2075 1706 2126 cunt
1732 2050 1883 2126 aliusno-

210 2167 285 2232 stro
311 2159 346 2231 in
371 2157 443 2234 bac
468 2169 569 2257 parte
596 2157 742 2254 collega
773 2181 852 2232 cum
878 2155 1059 2230 clausula:
1093 2165 1267 2252 qnmemm
1292 2155 1363 2256 ipsi
1389 2165 1568 2230 eteorum
1595 2153 1802 2248 altstete,
1835 2151 1883 2230 ad

210 2259 438 2360 infrascripta
463 2286 487 2334 a
512 2271 641 2336 saneta
666 2257 760 2336 sede
786 2258 988 2359 apostolica
1012 2257 1220 2358 specialiter
1245 2255 1455 2358 deputatus,
1491 2258 1642 2334 salutem
1676 2258 1711 2332 in
1745 2255 1883 2333 domiuo

210 2365 506 2465 presentibusque
538 2361 643 2439 tidem
682 2360 857 2438 indubiam
891 2359 1065 2438 adbibere
1105 2385 1151 2437 ac
1184 2361 1316 2436 nostris
1354 2359 1573 2461 hujusmodi,
1610 2384 1725 2462 ymmo
1763 2362 1882 2436 verius

76 2489 80 2494 ·
210 2466 421 2567 apostolicis
449 2467 591 2546 firmiter
623 2464 770 2542 obedire
803 2463 990 2540 mandatis.
1043 2465 1247 2554 Noveritis,
1283 2489 1349 2540 uos
1374 2464 1407 2540 in
1435 2465 1560 2540 notarii
1586 2465 1716 2565 publici
1742 2465 1882 2542 scribe·

209 2593 280 2668 que
306 2569 416 2644 nostri
442 2594 488 2647 ac
514 2569 655 2646 testium
680 2569 979 2669 infrascriptarum
1013 2565 1062 2642 ad
1094 2567 1163 2644 boc
1197 2568 1405 2668 specialiter
1428 2581 1634 2644 vocatorum
1668 2579 1705 2644 et
1734 2579 1882 2666 rogato-

210 2696 283 2746 rnnr
309 2673 491 2774 presentia
515 2673 640 2749 literas
666 2673 882 2748 sanctissimi
907 2672 941 2746 in
968 2669 1114 2748 Christo
1140 2672 1252 2770 patris
1279 2681 1316 2746 et
1339 2668 1467 2746 domini
1492 2671 1614 2762 nostri,
1643 2669 1734 2746 dom.
1762 2673 1882 2747 Leo·
1993 2725 1997 2740 ι

210 2775 298 2866 nis,
326 2774 447 2850 divina
470 2773 693 2876 providentia
717 2801 812 2876 pape
838 2772 967 2850 decimi
993 2775 1027 2848 iu
1054 2773 1166 2848 sorma
1189 2773 1307 2850 brevis
1325 2773 1516 2874 apostolici
1542 2773 1713 2850 decretas
1740 2785 1778 2850 et
1794 2799 1881 2850 con·

209 2903 355 2970 cessas,
382 2879 511 2954 auriolo
535 2880 730 2980 piscatoris
756 2903 851 2954 more
877 2879 1068 2952 Romane
1095 2877 1193 2954 curie
1219 2899 1396 2977 appresso
1422 2877 1598 2976 signatas,
1631 2903 1743 2952 sanas
1769 2877 1882 2976 siqui·

209 2979 291 3058 dem
317 2995 355 3059 et
378 2983 519 3074 illesas,
552 3008 620 3057 uon
652 2983 797 3056 vitiatas
830 3007 899 3058 nec
925 2980 1149 3058 cancellatas
1181 3003 1296 3080 neque
1327 2980 1363 3055 iu
1390 2979 1510 3079 aliqua
1534 2981 1589 3054 sui
1615 2989 1717 3080 parte
1749 3005 1881 3081 suspe-

211 3095 292 3162 ctas
317 3084 386 3166 sed
412 3086 504 3160 omni
529 3110 675 3185 prorsus
701 3085 786 3160 vitio
820 3095 857 3160 et
883 3085 1080 3185 suspitione
1107 3095 1291 3174 carentes,
1328 3082 1429 3158 nobis
1461 3107 1526 3184 per
1551 3083 1789 3160 venerabilem
1823 3084 1880 3156 vi-

210 3213 294 3282 rum,
330 3187 421 3264 dom.
449 3199 487 3264 et
517 3189 719 3287 magistrum
746 3188 984 3286 Georgium
1010 3185 1243 3278 Abescad,
1285 3185 1452 3262 clericum
1485 3185 1880 3286 Numburgensem,

210 3291 399 3368 reverendi
423 3294 457 3366 in
484 3290 630 3368 Christo
655 3291 768 3392 patris
794 3302 831 3366 et
856 3289 1002 3382 domini,
1038 3289 1130 3366 dom.
1157 3289 1379 3367 lobannis
1406 3287 1533 3366 eudem
1568 3290 1694 3389 gracia
1718 3290 1882 3390 episcopi

213 3395 620 3472 Wratislanieusis
654 3420 699 3470 ac
724 3395 975 3470 uenerabilium
1003 3405 1040 3470 et
1065 3395 1398 3494 circumspectarem
1431 3390 1643 3469 dominorum
1670 3393 1881 3492 Gregorii

210 3499 490 3596 [nangeslelt
515 3498 637 3573 artium
664 3499 835 3598 magistri,
869 3495 1081 3598 Wigandi
1115 3495 1162 3574 de
1194 3496 1359 3573 Saltus
1390 3499 1570 3596 utriusque
1604 3499 1714 3597 juris,
1755 3497 1881 3574 Petri

207 3603 470 3679 Janckwitn
496 3599 719 3678 decretorum
742 3601 934 3694 doctorum,
963 3602 1088 3678 Petri
1114 3602 1315 3679 llornick
1339 3601 1374 3676 in
1401 3599 1561 3680 decretis
1586 3600 1777 3693 licenciati,
1796 3600 1880 3674 Ni·
2020 3593 2026 3619 ‘'

156 3710 158 3719 '
210 3705 328 3780 colai
353 3702 632 3805 Weydener,
666 3705 855 3804 Georgii
879 3707 1195 3796 Jnnokerman,
1228 3705 1473 3782 Hierouimi
1498 3705 1754 3803 Mornberg,
1787 3704 1879 3778 Do-

209 3808 360 3884 minici
400 3806 755 3900 Prockendorll',
790 3809 1024 3885 Laurentii
1050 3809 1233 3900 Potzel,
1267 3809 1488 3884 Jobauuis
1514 3807 1809 3884 Furrenschilt
1843 3816 1880 3882 et

209 3910 387 3986 blatbei
412 3911 697 4010 Lamprccht,
724 3911 917 4004 doctorum,
943 3913 1211 4002 licentiatorum,
1237 3911 1449 4012 prelatorum
1476 3922 1514 3988 et
1538 3911 1785 3988 canonicorum
1813 3933 1879 3988 ec·

211 4015 326 4092 clesie
351 4013 778 4108 Wratislauiensis,
811 4040 856 4092 ac
891 4017 1080 4118 capitulum
1114 4013 1276 4114 ejusdem
1309 4014 1472 4092 ecclesie
1502 4015 1817 4116 representautium
1843 4022 1880 4090 et

210 4143 260 4196 ex
285 4143 330 4194 se
354 4117 548 4195 latieutium
572 4129 833 4218 procuratorem
859 4119 926 4196 rite
950 4145 1016 4221 per
1040 4119 1279 4196 venerabilem
1312 4117 1472 4194 similiter
1496 4116 1669 4194 domnum
1702 4129 1739 4194 et
1763 4116 1878 4215 magi·

210 4231 319 4298 suum
344 4222 549 4298 Thomam
575 4221 741 4323 Baytn,
775 4222 941 4298 clericum
975 4220 1429 4321 Brandenburgensis
1461 4221 1616 4299 civitatis
1650 4231 1687 4298 et
1716 4219 1878 4322 prelato·

209 4349 283 4401 rum
314 4321 527 4400 dominorum
553 4325 716 4426 episcopi
748 4350 794 4401 ae
821 4325 967 4427 capituli
992 4327 1100 4402 totius
1126 4325 1287 4404 ecclesie
1312 4325 1720 4402 Wratislauiensis
1736 4323 1878 4502 priuci-

208 4428 357 4532 palium,
393 4428 582 4528 legitimum
615 4439 895 4528 procuratorem,
934 4426 982 4506 dc
1015 4434 1120 4529 cujus
1152 4429 1435 4506 constitutionum
1465 4426 1632 4504 mandato
1664 4453 1734 4528 spu
1792 4438 1878 4504 acta

208 4555 323 4610 cause
350 4539 388 4605 et
412 4533 545 4630 negotii
566 4531 782 4634 infrascripti
807 4531 967 4633 perduc
992 4534 1222 4610 instmmenta
1246 4532 1406 4634 publica,
1432 4557 1533 4608 ιιιιιιιιι
1560 4530 1609 4608 de
1633 4531 1794 4606 manibus
1818 4527 1876 4606 di-

209 4645 406 4712 scretorum
436 4635 586 4710 virorum
625 4637 869 4736 magistrorum
903 4637 1137 4712 Valentini
1172 4635 1427 4714 Grautwalt
1465 4635 1514 4712 de
1545 4635 1673 4735 Nysa
1712 4629 1877 4734 ejusdem

210 4736 618 4814 Wratislauiensis
650 4738 811 4818 diocesis
842 4740 1045 4842 apostolica
1068 4740 1280 4816 auctoritate
1305 4740 1432 4816 notarii
1461 4739 1595 4840 publici
1628 4749 1666 4815 et
1690 4737 1876 4816 cancella-

208 4841 261 4919 uie
295 4839 426 4943 prelati
456 4838 585 4917 domini
615 4843 778 4946 episcopi
808 4843 944 4937 scribe,
979 4845 1126 4920 alterum
1151 4867 1239 4920 vero
1271 4843 1442 4918 Mathie
1467 4844 1656 4920 Prewsz
1688 4839 1736 4920 de
1761 4841 1875 4918 Fur·

210 4941 481 5025 otenwaldis
513 4943 721 5026 clericorum
752 4947 1042 5027 bobacensis
1074 4946 1253 5042 diocesis,
1290 4943 1418 5026 eaden
1442 4948 1655 5025 aucmritate
1686 4945 1813 5024 notarii
1838 4956 1876 5022 et
