4524 5770
398 535 449 612 bl
611 589 612 592 ,
955 535 1167 607 Urbanden.
1239 533 1361 604 XXV.
1392 533 1539 606 XXVI.

403 739 452 818 de
469 736 595 815 lluda
609 739 636 830 ¹)
662 735 917 818 cistertiensis
943 734 1091 830 ordinis,
1118 737 1252 813 Wrat.
1278 735 1442 813 diocesis
1468 737 1623 813 salutem
1644 737 1680 812 in
1705 734 1858 814 domino.
1890 739 2010 816 Justis
2025 762 2096 842 pe-

402 844 548 922 tentium
566 840 761 918 desideriis
781 839 924 940 dignum
943 851 1003 917 est
1019 865 1086 915 nos
1104 840 1248 918 facilem
1265 841 1419 944 prebere
1437 865 1653 918 consensum
1672 852 1708 918 et
1725 853 1829 935 vota,
1855 868 1925 944 que
1943 869 1967 919 a
1983 843 2095 920 ratio·

399 948 457 1024 nis
474 948 613 1023 tramite
630 971 698 1021 non
717 942 939 1036 discordant,
959 945 1090 1021 ellectu
1105 954 1347 1048 prosequente
1366 944 1558 1048 complere.
1577 944 1639 1019 Ea
1655 955 1811 1046 propter,
1831 944 1955 1023 dilecti
1972 948 2007 1023 in
2026 944 2095 1023 do·

400 1051 495 1129 mino
512 1049 587 1144 filii,
605 1049 739 1125 vestris
756 1047 1055 1150 posbrlationibus
1074 1059 1177 1148 grato
1197 1059 1453 1126 concurrentes
1472 1073 1641 1140 assensu,
1661 1051 1936 1127 concessionem
1954 1063 1992 1127 et
2008 1073 2096 1148 gra·

401 1156 498 1247 tiam,
518 1179 609 1254 quas
625 1151 844 1230 venerabilis
862 1161 968 1253 pater
984 1151 1184 1228 Thomas
1203 1151 1239 1227 d.
1259 1177 1312 1253 gr.
1325 1151 1460 1228 Wrat.
1479 1153 1675 1256 episcopus
1694 1175 1773 1230 oum
1791 1178 1973 1231 consensu
1992 1153 2095 1256 capi-

401 1257 467 1334 toli
482 1259 541 1336 sui
558 1258 662 1333 robis
681 1269 717 1333 et
734 1258 950 1333 monasterio
967 1267 1092 1332 vestro
1142 1281 1183 1333 er
1205 1282 1272 1332 nos
1295 1255 1492 1332 liberaliter
1510 1257 1706 1349 concessit,
1733 1256 1909 1334 videlieet
1925 1269 1963 1333 ut
1980 1259 2096 1358 sique

401 1363 497 1439 silve
519 1362 665 1452 inculte,
693 1387 836 1462 quarum
855 1357 1048 1436 decimatio
1073 1284 1277 1436 adnutum
1294 1361 1399 1436 alium
1417 1361 1637 1462 pertinuisse
1651 1360 1829 1438 hactenus
1848 1361 2094 1460 dignoscatur,

401 1464 451 1542 ad
468 1466 720 1566 proprietatem
738 1463 943 1542 monasterii
961 1464 1075 1540 vestri
1094 1491 1143 1541 ex
1161 1464 1355 1540 donatione
1373 1463 1478 1541 ducis
1496 1465 1555 1540 vel
1574 1465 1645 1539 alio
1670 1464 1825 1541 honesto
1842 1466 1943 1541 titolo
1960 1489 2095 1568 perve-

400 1569 525 1662 nerint,
545 1593 625 1644 cum
639 1565 767 1644 eedem
784 1579 880 1644 terre
899 1567 997 1645 culte
1014 1568 1155 1660 t'uerint,
1174 1567 1350 1668 usquead
1370 1577 1508 1646 eentum
1521 1591 1667 1643 mansos
1685 1593 1836 1668 magnos
1848 1573 1913 1670 jus
1926 1567 2094 1646 babeatis
2202 1589 2205 1597 ·

426 1669 624 1772 eroipiendi
642 1669 805 1748 decimas
822 1671 857 1746 in
876 1669 1027 1764 eisdem,
1047 1687 1150 1772 prout
1161 1677 1264 1773 juste
1275 1697 1322 1748 ac
1336 1671 1593 1748 rationabiliter
1604 1671 1705 1748 lacta
1718 1685 1776 1748 est
1791 1683 2095 1773 ratametgratam

449 1777 589 1868 bentes,
607 1776 821 1851 auctoritate
840 1800 910 1874 qua
927 1775 1103 1876 fungimur
1121 1777 1367 1854 confirmamus
1382 1786 1420 1852 et
1436 1776 1617 1880 presentis
1635 1775 1759 1878 scripti
1777 1777 1975 1878 patrocinio
1993 1801 2094 1854 com·

399 1881 583 1954 munimus.
646 1879 777 1953 Datum
808 1878 1016 1982 Ratipor,
1060 1877 1111 1955 X.
1141 1877 1292 1957 kalend.
1323 1880 1430 1974 tutti,
1469 1879 1698 1983 pontificatus
1730 1878 1861 1958 domini
1890 1880 2094 1960 Clementis

398 2007 495 2086 pape
521 1981 615 2075 llll,
640 2005 732 2058 anno
757 1984 875 2060 tertio.

1162 2411 1333 2498 xxvt.

423 2599 573 2660 boleslaus
596 2599 639 2672 tt,
661 2599 771 2678 tenor
791 2617 846 2664 ron
868 2601 1018 2664 tcbtcrter
1040 2603 1203 2678 atterite),
1226 2604 1308 2678 glebt
1329 2605 1394 2664 tem
1416 2604 1549 2665 ltlrcboto
1571 2619 1627 2666 rou
1648 2603 1768 2664 ltrertru
1790 2603 1848 2664 unt
1870 2605 1934 2664 tom
1957 2603 2070 2680 captat

327 2684 369 2720 Μ’·
688 2703 885 2780 turrenorum
906 2707 978 2766 tter
999 2706 1047 2766 tle
1069 2705 1101 2765 tn
1123 2705 1236 2766 tetrum
1258 2707 1351 2768 lanto
1374 2721 1410 2766 zu
1432 2707 1655 2766 ontrtctrtonten
1677 2705 1813 2766 labatem

854 2858 933 2908 Liber
951 2858 1026 2924 algar
1040 2847 1239 2924 privilegiorum
1256 2857 1396 2921 eplrcoprt
1414 2858 1500 2910 Wrrt·
1518 2859 1564 2908 lot.
1581 2852 1642 2910 392.

505 2987 589 3064 Nos
606 2989 879 3086 Bolezlaus,
907 2991 944 3067 d.
963 3016 1018 3092 gr.
1038 2989 1114 3067 dux
1131 2991 1307 3085 Slesie,
1334 3018 1406 3069 rma
1432 3019 1511 3070 cum
1535 2993 1729 3069 karissimo
1746 2993 1819 3069 filio
1837 2993 2092 3070 nostro'Hen·

400 3089 514 3184 rico,
541 3095 772 3194 promittimus
789 3094 864 3173 lide
883 3097 986 3188 bona,
1014 3094 1109 3197 qnod
1127 3094 1221 3172 dom.
1240 3098 1415 3199 episcopo
1432 3097 1567 3173 Wrat.
1586 3097 1771 3174 omronicis
1790 3101 1884 3197 ejus,
1908 3107 2093 3173 monaste-

400 3194 463 3271 riis
482 3207 520 3272 et
537 3198 636 3274 clero
654 3225 718 3301 pro
739 3197 889 3276 decimis
908 3201 989 3276 anni
1007 3201 1066 3302 qui
1077 3205 1156 3301 jam
1179 3202 1296 3276 linitur
1320 3199 1440 3278 adhuc
1458 3200 1617 3278 detentis
1639 3227 1707 3304 per
1723 3226 1791 3278 nos
1808 3213 1847 3278 et
1862 3213 2008 3278 nostros
2025 3201 2093 3276 bo·

400 3299 515 3375 mines
534 3303 689 3378 satisfiet
705 3304 768 3378 tali
785 3302 903 3397 modo,
932 3303 1028 3404 quod
1045 3303 1094 3380 de
1118 3307 1253 3381 mansis
1272 3305 1687 3383 Teuthonicalibus
1705 3302 1753 3382 de
1771 3303 1848 3380 rudi
1868 3306 1964 3381 silva
1980 3327 2093 3405 qnon-

401 3399 485 3475 dam
514 3405 671 3480 excultis
693 3406 856 3484 fertones
879 3409 1141 3508 persolventur,
1170 3407 1218 3485 de
1244 3409 1327 3484 aliis
1352 3434 1440 3486 vero
1456 3435 1537 3488 sex
1554 3434 1720 3486 mensure
1738 3433 1805 3486 seu
1822 3405 2011 3501 maldrate,
2029 3431 2093 3484 se-

402 3501 555 3580 cundum
581 3509 876 3586 consuetudinem
900 3512 1020 3610 longis
1045 3513 1264 3613 temporibus
1289 3515 1534 3614 approbatam,
1562 3511 1610 3590 de
1634 3513 1735 3613 agris
1751 3537 1840 3590 vero
1858 3539 1924 3590 sen
1944 3512 2093 3615 campis,

400 3607 436 3682 in
455 3609 581 3706 quibus
600 3611 682 3686 olim
700 3611 841 3689 decime
858 3615 1097 3714 manipulatim
1115 3626 1198 3690 sunt
1215 3615 1346 3710 solute,
1365 3641 1455 3717 quos
1472 3619 1697 3694 necessitate
1714 3616 1875 3716 legitima
1888 3617 2095 3719 compulsos

396 3713 481 3812 jure
500 3713 782 3792 Teuthonico
799 3742 867 3792 nos
886 3719 1034 3817 contigit
1050 3718 1235 3819 populare,
1262 3718 1310 3796 de
1327 3746 1457 3820 magno
1480 3746 1605 3796 manso
1624 3731 1706 3797 octo
1724 3731 1851 3797 scotos
1869 3721 2021 3820 argenti,
2047 3715 2096 3795 de

400 3839 515 3916 parvo
539 3841 628 3892 vero
651 3843 777 3894 manso
801 3819 975 3896 fertonem
998 3821 1082 3897 vice
1109 3819 1250 3898 decime
1274 3825 1535 3924 persolvemus.
1580 3824 1621 3900 ln
1643 3824 1737 3900 loeis
1761 3825 1888 3916 eciam,
1915 3824 2097 3926 inquibus

401 3915 544 3996 decime
557 3918 704 3998 vendite
722 3921 853 3998 fuerint
871 3923 1059 4015 sociemus,
1078 3922 1174 4024 quod
1192 3951 1250 4018 ea,
1269 3951 1338 4025 que
1355 3952 1420 4030 pro
1438 3927 1507 4004 biis
1524 3929 1703 4030 promissa
1719 3939 1812 4020 sunt,
1830 3929 1993 4030 plenarie
2010 3951 2098 4030 per·
2166 3947 2171 3956 ·

402 4020 598 4100 solventur.
625 4025 1167 4150 1³·roannonaeciamoapituli,
1196 4054 1265 4130 que
1282 4054 1347 4132 pro
1371 4032 1505 4107 nostris
1529 4031 1654 4107 usibus
1682 4033 1884 4108 constiterit
1903 4043 2097 4134 occupata,

272 4151 385 4277 ill-’n-
402 4150 553 4308 titt&
567 4128 979 4338 tttltlttt‘ttsst
996 4133 2100 4340 ttltttttltttttltlttt„ttttttltttttt.

402 4330 460 4432 pis
479 4335 655 4414 solvende
673 4340 905 4438 requiruntur,
931 4340 1035 4418 nobis
1059 4343 1212 4442 petimus
1231 4339 1384 4420 eundem
1409 4296 1685 4444 composicionis
1703 4345 1883 4422 terminum
1901 4343 2101 4443 assignari,

403 4433 463 4534 qui
489 4434 581 4511 dom.
609 4439 692 4518 duci
717 4441 983 4518 Wlodislao
1005 4443 1106 4520 fratri
1132 4457 1255 4522 nostro
1278 4445 1386 4522 interit
1408 4447 1638 4548 assignatus,
1666 4446 1715 4522 ad
1740 4473 1842 4547 quem
1865 4447 1943 4524 vita
1967 4449 2102 4524 comite

401 4540 642 4716 personaliter
657 4544 842 4620 veniemus
861 4557 923 4620 ant
939 4549 1116 4624 mittemus
1134 4544 1355 4650 sollempnes
1379 4551 1530 4627 nuncios
1553 4562 1709 4631 nostros.
1754 4549 1888 4628 Actum
1913 4563 1952 4627 et
1976 4547 2104 4627 datum

447 4643 629 4740 egnice,
656 4646 692 4720 in
716 4659 849 4724 octava
872 4649 970 4725 beati
986 4651 1150 4745 Martini,
1187 4675 1279 4727 anno
1304 4649 1435 4729 domini
1459 4652 1647 4733 MCCLX
1670 4656 1840 4758 septimo,
1866 4655 2105 4758 presentibus

446 4913 478 4998 l)
506 4913 572 4978 Das
593 4913 637 4980 im
658 4915 685 4980 J.
710 4912 794 4982 1258
812 4939 887 4984 vom
911 4920 1053 5014 Heraoge
1067 4915 1264 4988 Wladislaus
1285 4943 1347 4990 ron
1362 4923 1492 5015 Oppeln
1513 4923 1669 5019 gestiliete
1685 4923 1818 4992 Klorter
1838 4925 1971 4993 Randen
1995 4927 2106 5012 (NW.

507 4999 529 5062 2
549 5000 594 5065 M.
617 5023 680 5068 von
701 5001 859 5094 aynan),
891 5005 971 5072 Urlr.
993 5005 1046 5072 bei
1065 5005 1309 5102 Summersberg
1329 5007 1354 5076 l.
1376 5033 1408 5101 p.
1430 5009 1504 5077 879.
