4524 5770
383 453 430 530 lt
967 453 1178 525 Urlruuden.
1243 451 1333 524 m
1365 451 1478 524 VIII.

379 657 554 761 hospitari
572 657 616 748 ¹),
641 655 713 736 lroc
738 653 844 732 mnis
867 655 994 746 dcent,
1028 653 1150 730 heloim
1173 659 1352 756 respectu
1370 651 1421 730 td
1442 659 1636 756 paupertim
1660 653 1823 732 ee'elesie
1845 653 2061 734 fucultatem.

380 764 440 838 De
464 785 582 864 pouoz
605 771 721 836 autem
740 769 777 836 ct
793 756 931 861 preuod
948 757 1111 834 homines
1125 757 1288 834 villorum
1301 755 1545 860 'predictam‘m
1563 781 1608 834 cu
1620 761 1705 858 jure
1722 758 1883 836 volumus
1901 760 1970 849 nti,
1995 783 2062 860 quo

379 877 521 942 utuntur
544 863 705 940 homines
728 863 764 938 in
789 861 893 940 terris
918 861 1080 938 uillarum
1102 861 1299 938 militarium
1324 862 1517 941 constituti.
1562 864 1663 939 Acta
1687 867 1769 936 sunt
1791 860 1862 940 hec
1886 862 1920 937 in
1945 879 2063 942 castro

380 969 517 1046 Wrat.
534 969 570 1044 in
589 967 754 1046 ecclesia
771 966 889 1045 sancti
907 967 1063 1059 Martini,
1082 991 1175 1042 anuo
1192 963 1624 1046 domini'lllCCXerlll
1641 965 1746 1040 Vlll.
1764 964 1847 1042 idus
1863 966 1960 1060 Julii,
1978 991 2064 1069 pre·

381 1073 543 1152 sentibus
561 1071 795 1172 Bugnzlao
820 1070 1022 1148 castellano
1040 1068 1088 1146 de
1105 1069 1145 1145 N
1153 1069 1313 1162 emolii,
1334 1067 1561 1149 'Bertoldc
1584 1071 1787 1148 castellane
1805 1068 1855 1147 de
1870 1070 2064 1164 lleclreu,

382 1179 636 1255 Petrocone
654 1175 855 1252 castellano
873 1171 923 1251 de
940 1173 1070 1267 Zuni,
1087 1173 1322 1276 Bognulao
1333 1179 1471 1274 jurene
1490 1185 1528 1250 et
1544 1168 1779 1252 Samborio
1795 1173 1971 1270 militibus,
1987 1176 2064 1252 Jo-

381 1281 527 1357 henne
543 1275 812 1372 archidiacono,
830 1279 894 1354 Bo
902 1277 1072 1378 gualae
1090 1287 1250 1368 cantore,
1269 1274 1461 1354 Sdialao
1479 1276 1646 1370 custode,
1662 1279 1834 1379 magistro
1851 1278 2062 1370 (leonino,

382 1384 626 1462 Valentino
644 1383 799 1474 notario,
826 1379 1028 1473 Ecardo,
1056 1379 1273 1460 Cunnunc
1291 1382 1476 1460 canonicis
1493 1382 1646 1474 Wrat,
1670 1381 1785 1460 frome
1801 1381 1980 1459 Eliordo
1998 1407 2065 1459 cn-

382 1487 490 1566 stodc
507 1487 842 1562 sratrnm'llllinorum
864 1485 900 1560 in
917 1485 1123 1577 Polonia,
1150 1485 1261 1562 fratre
1285 1483 1655 1586 Simcnc'ejnsdem
1679 1485 1832 1580 ordinis,
1858 1485 1969 1564 fretra
1985 1489 2065 1562 Ar·

382 1590 517 1668 nu'ldo
535 1591 726 1692 capellano
743 1587 991 1666 archidiaconi
1007 1586 1305 1682 hauniensis,
1323 1591 1495 1690 magistro
1511 1591 1538 1667 J
1545 1589 1721 1668 ohanne
1738 1587 1903 1691 ejusdem
1920 1591 2066 1683 omerio,

382 1697 443 1798 qui
458 1696 530 1774 hec
548 1695 664 1770 omnia
681 1693 828 1794 scripsit
845 1705 883 1768 et
900 1691 1099 1770 llic'ardo
1116 1693 1293 1770 canonico
1311 1693 1568 1794 opoliensi.
1594 1693 1659 1770 Ad
1677 1699 1782 1795 cnjus
1800 1693 1852 1770 rei
1869 1695 2067 1772 memorium

382 1810 587 1904 presentem
603 1798 756 1877 litteram
773 1796 904 1896 sigillis
922 1807 1044 1874 nostro
1062 1807 1100 1872 et
1116 1794 1205 1872 dicti
1213 1797 1255 1872 'L
1264 1796 1502 1874 e'odiensis
1520 1796 1767 1876 archidiaconi
1784 1799 2040 1875 communimus.

486 1901 588 1980 Nulli
613 1925 701 1999 ergo
726 1901 863 1978 omuino
888 1900 1060 1978 homiuum
1083 1899 1196 1976 liceat
1218 1899 1314 1977 hanc
1330 1903 1498 2004 peginam
1514 1911 1637 1979 nostre
1655 1903 1929 1978 confirmationis
1944 1902 2067 1980 inirin-

384 2031 473 2108 gere
496 2006 558 2083 vel
582 2005 617 2082 ei
640 2015 730 2080 ausu
756 2004 944 2082 temerario
968 2003 1159 2082 contraire.
1194 2002 1318 2103 Siquis
1342 2015 1460 2082 autem
1480 2005 1554 2082 lroc
1572 2017 1783 2107 attemptare
1801 2007 2067 2109 presumpserit,

382 2110 660 2210 indignationem
677 2108 924 2210 omnipotentis
943 2105 1003 2184 dei
1021 2115 1060 2185 et
1076 2109 1259 2184 beatorum
1275 2108 1431 2186 Petri'et
1448 2109 1553 2186 Pauli
1577 2111 1818 2211 apostolorum
1841 2115 1924 2211 ejus
1940 2135 1987 2186 se
2002 2135 2067 2185 uo-

384 2215 477 2292 rerit
507 2214 738 2290 incursurum.
780 2213 913 2290 Datum
930 2209 1166 2312 'Lugduni
1201 2211 1269 2288 lll.
1293 2221 1409 2288 nonas
1437 2209 1680 2315 Septembris,
1708 2215 1934 2316 pontificatue
1959 2215 2068 2291 nostri

385 2343 478 2396 anno
502 2330 622 2394 sexto.
954 2325 959 2336 '
2013 2323 2017 2330 '

1028 2486 1429 2506 aunan-ffl-

1164 2725 1294 2852 vm
1395 2845 1400 2856 .

408 2921 558 2984 telettum
580 2919 638 2994 11.‚-
656 2919 765 2996 lterum
785 2933 842 2982 rur
862 2919 1012 2986 telleneu
1034 2919 1092 2983 nul
1113 2917 1199 2984 luleu
1222 2918 1317 2996 stult.
1345 2931 1393 2982 un
1414 2917 1527 2996 rurum
1548 2918 1600 2980 ter
1621 2918 1732 2980 lunum
1753 2931 1792 2982 ru
1813 2919 1958 2992 autumn,
1985 2920 2048 2980 lem

651 3023 805 3086 tristarer
825 3021 1205 3113 llrttuureflteurutluuur
1225 3022 1284 3084 nul
1306 3033 1407 3096 mutue
1429 3019 1592 3082 tritorum
1613 3023 1671 3085 unu
1692 3021 1807 3084 trenta

705 3188 708 3196 ¹
849 3176 928 3226 mer
945 3175 1020 3240 algor
1037 3155 1230 3239 prlulle'glrrm
1248 3155 1363 3236 episcop.
1381 3171 1467 3222 wret.
1486 3155 1530 3224 lot.
1547 3165 1607 3224 ³00.

490 3289 852 3402 Nos‘Bolezlaus
872 3287 994 3384 diuina
1010 3308 1137 3412 gracia
1153 3303 1229 3382 dux
1243 3303 1398 3384 Slesie
1416 3319 1452 3381 et
1469 3291 1806 3401 Polonie,notum
1824 3309 1974 3386 facimus
1992 3309 2068 3384 nni-

390 3413 520 3505 versis,
546 3409 641 3514 quod
660 3437 739 3489 cum
757 3437 807 3488 ex
823 3411 1245 3516 pluribus‚causis,'quas
1263 3407 1356 3485 dom.
1375 3405 1577 3503 Thomas,
1594 3411 1722 3488 Wrat.
1737 3413 1944 3516 epiecopus,
1963 3438 2069 3490 veras

390 3541 480 3595 esse
504 3513 669 3610 dicebat,
701 3512 845 3592 vinculo
871 3540 1036 3592 essemus
1061 3513 1445 3592 excommunicacionis
1471 3515 1610 3592 astricti
1633 3527 1670 3594 et
1692 3527 1789 3594 terra
1805 3527 1930 3592 nostra
1945 3517 2069 3595 eccle-

390 3619 542 3697 siastico
561 3619 749 3726 subposita
765 3615 973 3708 interdicto,
1000 3644 1085 3712 nos,
1112 3615 1161 3693 ad
1186 3615 1482 3695 satisfaciendum
1499 3630 1571 3694 tam
1588 3630 1710 3697 nostre
1729 3621 1959 3698 consciencie
1976 3617 2071 3724 apud

390 3749 458 3801 nos
476 3749 579 3825 quam
597 3723 692 3800 lame
710 3733 795 3826 aput
812 3722 986 3818 homirres,
1012 3721 1254 3826 principaliter
1271 3733 1394 3798 arrtcm
1419 3720 1628 3801 descrentes
1652 3719 1735 3818 deo,
1764 3725 1821 3801 cui
1845 3723 2072 3802 humilitatem

391 3843 429 3907 ct
446 3827 713 3928 subjeccionem
756 3839 897 3903 restare
915 3827 1027 3902 nostri
1043 3825 1188 3902 honoris
1205 3825 1457 3904 incrementum
1475 3837 1512 3902 et
1530 3827 1794 3904 exaltacionem
1818 3841 1940 3906 nostre
1958 3829 2070 3906 anime

390 3945 607 4037 reputamus,
633 3853 808 4006 humiliari
830 3931 993 4006 volumus
1020 3931 1087 4006 sub
1113 3931 1248 4032 potenti
1273 3955 1375 4005 maun
1393 3927 1454 4006 dci
1478 3941 1516 4006 et
1532 3957 1596 4034 pro
1614 3931 1848 4009 absolucionc
1865 3933 2072 4009 sentencia-

392 4065 465 4114 rum
514 4035 730 4114 redictamm
754 4032 948 4112 obtinenda
972 4044 1008 4112 et
1039 4035 1166 4136 grecia
1191 4033 1501 4112 reconciliacionis
1525 4035 1784 4113 ecclesiastice
1808 4037 2073 4114 comcccionem

393 4063 615 4242 spondentes
631 4137 877 4242 preteritomm
895 4149 933 4216 et
956 4137 1147 4215 futurorum
1161 4138 1355 4227 carnelum,
1381 4138 1553 4228 articulos
1568 4139 1817 4241 indescriptos
1835 4137 1883 4216 ad
1905 4141 2074 4218 honorem

395 4243 456 4320 dei
473 4255 510 4320 et
526 4255 655 4322 sancte
672 4244 836 4322 ecclesie
853 4243 947 4320 bona
962 4241 1035 4320 lide
1051 4241 1281 4345 promittlmus
1298 4245 1507 4320 murare.
1685 4304 1688 4314 .
1784 4307 1787 4314 .
1857 4307 1862 4316 .
2019 4305 2025 4314 .

274 4400 303 4468 (ᾗ
321 4395 360 4460 1,)
498 4345 666 4424 Clericos
682 4373 752 4426 nec
770 4347 1028 4450 captivabimus
1045 4369 1114 4428 nec
1131 4348 1168 4426 iu
1185 4347 1330 4426 uxilium
1346 4347 1522 4428 nicenus
1542 4355 1582 4426 ct
1598 4343 1699 4446 quod.
1717 4346 1870 4426 lecimus
1885 4350 1987 4427 circa
2003 4347 2075 4424 uli-

396 4471 487 4550 qeos
509 4461 674 4548 quantum
697 4449 757 4536 ud,
770 4451 913 4531 exilium
933 4475 1172 4542 revocamur
1189 4449 1392 4536 occmlicni
1407 4447 1456 4526 de
1473 4459 1597 4531 cetero
1615 4451 2078 4536 beusteten-ecetesiam-

397 4577 475 4630 cum
493 4549 691 4627 inordinate
709 4552 925 4646 auferemus,
951 4552 1020 4631 sed
1046 4555 1078 4629 si
1102 4554 1181 4654 quis
1200 4553 1356 4630 clericus
1374 4549 1470 4629 odeo
1487 4553 1705 4647 excesserit,
1733 4567 1772 4630 ut
1786 4555 1905 4657 aliquo
1920 4556 2077 4659 premis-

443 4831 475 4908 ι)
490 4823 619 4892 uses
633 4809 827 4906 ermom,
847 4787 993 4894 remae
1015 4773 1874 4920 son,mumuuff,'ur'gei10cer'nlnerge‚m
1895 4829 1948 4902 ers
1963 4827 2079 4920 ‚anges

501 4906 802 4978 Urtundensrmml
823 4907 927 4977 S.19.
1757 4955 1781 4986 2⁴
1815 4956 1850 4987 r.
1892 4940 1967 4987 .›,..r
