<?xml version="1.0" encoding="UTF-8"?>
<!DOCTYPE html PUBLIC "-//W3C//DTD XHTML 1.0 Transitional//EN"
    "http://www.w3.org/TR/xhtml1/DTD/xhtml1-transitional.dtd">
<html xmlns="http://www.w3.org/1999/xhtml" xml:lang="en" lang="en">
 <head>
  <title>
</title>
<meta http-equiv="Content-Type" content="text/html;charset=utf-8" />
  <meta name='ocr-system' content='tesseract 3.04.00' />
  <meta name='ocr-capabilities' content='ocr_page ocr_carea ocr_par ocr_line ocrx_word'/>
</head>
<body>
  <div class='ocr_page' id='page_1' title='image "./urkundenzurgesc00stengoog_0305.png"; bbox 0 0 4660 5762; ppageno 0'>
   <div class='ocr_carea' id='block_1_1' title="bbox 411 461 1476 564">
    <p class='ocr_par' dir='ltr' id='par_1_1' title="bbox 411 461 1476 564">
     <span class='ocr_line' id='line_1_1' title="bbox 411 461 1476 564; baseline -0.01 -18"><span class='ocrx_word' id='word_1_1' title='bbox 411 465 488 548; x_wconf 83' lang='lat' dir='ltr'><strong>tot</strong></span> <span class='ocrx_word' id='word_1_2' title='bbox 1011 461 1238 564; x_wconf 44' lang='lat' dir='ltr'><strong>,uranum</strong></span> <span class='ocrx_word' id='word_1_3' title='bbox 1283 463 1476 538; x_wconf 78' lang='lat' dir='ltr'><strong>-cncrrr</strong></span> 
     </span>
    </p>
   </div>
   <div class='ocr_carea' id='block_1_2' title="bbox 240 662 2207 4704">
    <p class='ocr_par' dir='ltr' id='par_1_2' title="bbox 240 662 2207 2220">
     <span class='ocr_line' id='line_1_2' title="bbox 408 662 2099 780; baseline -0.004 -32"><span class='ocrx_word' id='word_1_4' title='bbox 408 699 476 780; x_wconf 79' lang='lat' dir='ltr'><strong>per</strong></span> <span class='ocrx_word' id='word_1_5' title='bbox 491 692 560 750; x_wconf 79' lang='lat' dir='ltr'><strong>vae</strong></span> <span class='ocrx_word' id='word_1_6' title='bbox 577 695 602 750; x_wconf 88' lang='lat' dir='ltr'><strong>a</strong></span> <span class='ocrx_word' id='word_1_7' title='bbox 616 669 713 751; x_wconf 70' lang='lat' dir='ltr'><strong>acac</strong></span> <span class='ocrx_word' id='word_1_8' title='bbox 730 667 935 770; x_wconf 72' lang='lat' dir='ltr'><strong>apostalice</strong></span> <span class='ocrx_word' id='word_1_9' title='bbox 946 665 1138 768; x_wconf 71' lang='lat' dir='ltr'><strong>lupam</strong></span> <span class='ocrx_word' id='word_1_10' title='bbox 1150 665 1189 757; x_wconf 87' lang='lat'><strong>¹),</strong></span> <span class='ocrx_word' id='word_1_11' title='bbox 1217 663 1385 744; x_wconf 85' lang='lat' dir='ltr'><strong>ecclesia</strong></span> <span class='ocrx_word' id='word_1_12' title='bbox 1405 676 1541 742; x_wconf 71' lang='lat' dir='ltr'><strong>uosm-</strong></span> <span class='ocrx_word' id='word_1_13' title='bbox 1552 665 1629 742; x_wconf 84' lang='lat' dir='ltr'><strong>tale</strong></span> <span class='ocrx_word' id='word_1_14' title='bbox 1654 662 1877 743; x_wconf 63' lang='lat' dir='ltr'><strong>camollam</strong></span> <span class='ocrx_word' id='word_1_15' title='bbox 1893 667 2099 766; x_wconf 68' lang='lat' dir='ltr'><strong>reportavit,</strong></span> 
     </span>
     <span class='ocr_line' id='line_1_3' title="bbox 411 767 2101 880; baseline -0.004 -28"><span class='ocrx_word' id='word_1_16' title='bbox 411 781 496 880; x_wconf 85' lang='lat' dir='ltr'><strong>quia</strong></span> <span class='ocrx_word' id='word_1_17' title='bbox 513 803 592 855; x_wconf 91' lang='lat' dir='ltr'><strong>cum</strong></span> <span class='ocrx_word' id='word_1_18' title='bbox 610 773 737 853; x_wconf 84' lang='lat' dir='ltr'><strong>cadem</strong></span> <span class='ocrx_word' id='word_1_19' title='bbox 754 771 875 848; x_wconf 82' lang='lat' dir='ltr'><strong>littera</strong></span> <span class='ocrx_word' id='word_1_20' title='bbox 890 770 1096 870; x_wconf 78' lang='lat' dir='ltr'><strong>magistrum</strong></span> <span class='ocrx_word' id='word_1_21' title='bbox 1115 770 1296 846; x_wconf 87' lang='lat' dir='ltr'><strong>Petrum</strong></span> <span class='ocrx_word' id='word_1_22' title='bbox 1321 768 1371 846; x_wconf 84' lang='lat' dir='ltr'><strong>ad</strong></span> <span class='ocrx_word' id='word_1_23' title='bbox 1396 767 1583 871; x_wconf 89' lang='lat' dir='ltr'><strong>predictus</strong></span> <span class='ocrx_word' id='word_1_24' title='bbox 1607 767 1701 844; x_wconf 87' lang='lat' dir='ltr'><strong>dom.</strong></span> <span class='ocrx_word' id='word_1_25' title='bbox 1725 791 1747 846; x_wconf 92' lang='lat' dir='ltr'><strong>c</strong></span> <span class='ocrx_word' id='word_1_26' title='bbox 1771 769 1923 870; x_wconf 80' lang='lat' dir='ltr'><strong>iscupns</strong></span> <span class='ocrx_word' id='word_1_27' title='bbox 1949 769 2101 846; x_wconf 84' lang='lat' dir='ltr'><strong>misera-</strong></span> 
     </span>
     <span class='ocr_line' id='line_1_4' title="bbox 276 871 2101 982; baseline -0.003 -24"><span class='ocrx_word' id='word_1_28' title='bbox 276 899 355 970; x_wconf 78' lang='lat' dir='ltr'><strong>mae,</strong></span> <span class='ocrx_word' id='word_1_29' title='bbox 411 909 502 976; x_wconf 86' lang='lat' dir='ltr'><strong>mus,</strong></span> <span class='ocrx_word' id='word_1_30' title='bbox 528 879 587 982; x_wconf 90' lang='lat' dir='ltr'><strong>qui</strong></span> <span class='ocrx_word' id='word_1_31' title='bbox 603 876 652 958; x_wconf 92' lang='lat' dir='ltr'><strong>ad</strong></span> <span class='ocrx_word' id='word_1_32' title='bbox 670 873 818 962; x_wconf 85' lang='lat' dir='ltr'><strong>eusdem</strong></span> <span class='ocrx_word' id='word_1_33' title='bbox 836 872 906 952; x_wconf 80' lang='lat' dir='ltr'><strong>Xl.</strong></span> <span class='ocrx_word' id='word_1_34' title='bbox 925 871 1076 952; x_wconf 86' lang='lat' dir='ltr'><strong>kalend.</strong></span> <span class='ocrx_word' id='word_1_35' title='bbox 1094 872 1299 974; x_wconf 81' lang='lat' dir='ltr'><strong>Septembr.</strong></span> <span class='ocrx_word' id='word_1_36' title='bbox 1319 874 1484 952; x_wconf 87' lang='lat' dir='ltr'><strong>accessit</strong></span> <span class='ocrx_word' id='word_1_37' title='bbox 1509 885 1546 950; x_wconf 89' lang='lat' dir='ltr'><strong>et</strong></span> <span class='ocrx_word' id='word_1_38' title='bbox 1562 873 1655 974; x_wconf 86' lang='lat' dir='ltr'><strong>ipsir</strong></span> <span class='ocrx_word' id='word_1_39' title='bbox 1674 897 1721 950; x_wconf 90' lang='lat' dir='ltr'><strong>ea</strong></span> <span class='ocrx_word' id='word_1_40' title='bbox 1771 895 1827 952; x_wconf 90' lang='lat' dir='ltr'><strong>em</strong></span> <span class='ocrx_word' id='word_1_41' title='bbox 1845 871 1999 952; x_wconf 72' lang='lat' dir='ltr'><strong>litteram</strong></span> <span class='ocrx_word' id='word_1_42' title='bbox 2017 897 2101 976; x_wconf 87' lang='lat' dir='ltr'><strong>pre·</strong></span> 
     </span>
     <span class='ocr_line' id='line_1_5' title="bbox 240 971 2103 1079; baseline -0.006 -13"><span class='ocrx_word' id='word_1_43' title='bbox 240 971 397 1042; x_wconf 50' lang='lat' dir='ltr'><strong>’&#39;W&#39;‘</strong></span> <span class='ocrx_word' id='word_1_44' title='bbox 412 985 581 1066; x_wconf 87' lang='lat' dir='ltr'><strong>scotavit.</strong></span> <span class='ocrx_word' id='word_1_45' title='bbox 625 980 695 1071; x_wconf 83' lang='lat' dir='ltr'><strong>Qui</strong></span> <span class='ocrx_word' id='word_1_46' title='bbox 712 977 806 1054; x_wconf 88' lang='lat' dir='ltr'><strong>dum.</strong></span> <span class='ocrx_word' id='word_1_47' title='bbox 832 977 996 1078; x_wconf 78' lang='lat' dir='ltr'><strong>episcopi</strong></span> <span class='ocrx_word' id='word_1_48' title='bbox 1022 977 1120 1078; x_wconf 83' lang='lat' dir='ltr'><strong>prius</strong></span> <span class='ocrx_word' id='word_1_49' title='bbox 1138 977 1381 1077; x_wconf 78' lang='lat' dir='ltr'><strong>uruusquisqoe</strong></span> <span class='ocrx_word' id='word_1_50' title='bbox 1399 977 1631 1077; x_wconf 73' lang='lat' dir='ltr'><strong>singulariter</strong></span> <span class='ocrx_word' id='word_1_51' title='bbox 1649 989 1686 1054; x_wconf 92' lang='lat' dir='ltr'><strong>et</strong></span> <span class='ocrx_word' id='word_1_52' title='bbox 1703 974 1928 1079; x_wconf 82' lang='lat' dir='ltr'><strong>postmodum</strong></span> <span class='ocrx_word' id='word_1_53' title='bbox 1947 1001 2103 1054; x_wconf 74' lang='lat' dir='ltr'><strong>mmmc-</strong></span> 
     </span>
     <span class='ocr_line' id='line_1_6' title="bbox 412 1078 2103 1182; baseline -0.001 -20"><span class='ocrx_word' id='word_1_54' title='bbox 412 1091 504 1168; x_wconf 86' lang='lat' dir='ltr'><strong>niter</strong></span> <span class='ocrx_word' id='word_1_55' title='bbox 520 1088 716 1166; x_wconf 86' lang='lat' dir='ltr'><strong>babuerunt</strong></span> <span class='ocrx_word' id='word_1_56' title='bbox 733 1082 930 1174; x_wconf 87' lang='lat' dir='ltr'><strong>consilinm,</strong></span> <span class='ocrx_word' id='word_1_57' title='bbox 956 1081 1110 1180; x_wconf 85' lang='lat' dir='ltr'><strong>qualiter</strong></span> <span class='ocrx_word' id='word_1_58' title='bbox 1134 1081 1191 1157; x_wconf 87' lang='lat' dir='ltr'><strong>eis</strong></span> <span class='ocrx_word' id='word_1_59' title='bbox 1213 1080 1248 1156; x_wconf 90' lang='lat' dir='ltr'><strong>iu</strong></span> <span class='ocrx_word' id='word_1_60' title='bbox 1271 1081 1354 1182; x_wconf 87' lang='lat' dir='ltr'><strong>ipso</strong></span> <span class='ocrx_word' id='word_1_61' title='bbox 1380 1081 1534 1179; x_wconf 77' lang='lat' dir='ltr'><strong>negocio</strong></span> <span class='ocrx_word' id='word_1_62' title='bbox 1561 1091 1666 1158; x_wconf 86' lang='lat' dir='ltr'><strong>esset</strong></span> <span class='ocrx_word' id='word_1_63' title='bbox 1690 1105 1756 1182; x_wconf 88' lang='lat' dir='ltr'><strong>per</strong></span> <span class='ocrx_word' id='word_1_64' title='bbox 1780 1078 1934 1172; x_wconf 79' lang='lat' dir='ltr'><strong>earndem</strong></span> <span class='ocrx_word' id='word_1_65' title='bbox 1949 1081 2103 1160; x_wconf 88' lang='lat' dir='ltr'><strong>litteram</strong></span> 
     </span>
     <span class='ocr_line' id='line_1_7' title="bbox 411 1181 2103 1296; baseline -0.001 -26"><span class='ocrx_word' id='word_1_66' title='bbox 411 1185 689 1296; x_wconf 88' lang='lat' dir='ltr'><strong>procedendum.</strong></span> <span class='ocrx_word' id='word_1_67' title='bbox 734 1185 786 1262; x_wconf 77' lang='lat' dir='ltr'><strong>Et</strong></span> <span class='ocrx_word' id='word_1_68' title='bbox 811 1183 967 1276; x_wconf 86' lang='lat' dir='ltr'><strong>taudem,</strong></span> <span class='ocrx_word' id='word_1_69' title='bbox 994 1184 1116 1260; x_wconf 84' lang='lat' dir='ltr'><strong>babitu</strong></span> <span class='ocrx_word' id='word_1_70' title='bbox 1142 1185 1259 1260; x_wconf 90' lang='lat' dir='ltr'><strong>eciam</strong></span> <span class='ocrx_word' id='word_1_71' title='bbox 1284 1184 1435 1261; x_wconf 81' lang='lat' dir='ltr'><strong>cormilio</strong></span> <span class='ocrx_word' id='word_1_72' title='bbox 1460 1182 1554 1262; x_wconf 90' lang='lat' dir='ltr'><strong>dnm.</strong></span> <span class='ocrx_word' id='word_1_73' title='bbox 1578 1184 1859 1288; x_wconf 87' lang='lat' dir='ltr'><strong>archiepiscopi,</strong></span> <span class='ocrx_word' id='word_1_74' title='bbox 1886 1181 2016 1262; x_wconf 89' lang='lat' dir='ltr'><strong>ducem</strong></span> <span class='ocrx_word' id='word_1_75' title='bbox 2034 1208 2103 1268; x_wconf 75' lang='lat' dir='ltr'><strong>ex·</strong></span> 
     </span>
     <span class='ocr_line' id='line_1_8' title="bbox 412 1286 2104 1389; baseline -0.001 -21"><span class='ocrx_word' id='word_1_76' title='bbox 412 1292 702 1376; x_wconf 82' lang='lat' dir='ltr'><strong>communicatum</strong></span> <span class='ocrx_word' id='word_1_77' title='bbox 727 1299 765 1366; x_wconf 92' lang='lat' dir='ltr'><strong>et</strong></span> <span class='ocrx_word' id='word_1_78' title='bbox 788 1300 918 1364; x_wconf 87' lang='lat' dir='ltr'><strong>terram</strong></span> <span class='ocrx_word' id='word_1_79' title='bbox 943 1313 1044 1366; x_wconf 78' lang='lat' dir='ltr'><strong>suram</strong></span> <span class='ocrx_word' id='word_1_80' title='bbox 1069 1286 1259 1366; x_wconf 90' lang='lat' dir='ltr'><strong>interdicto</strong></span> <span class='ocrx_word' id='word_1_81' title='bbox 1280 1288 1502 1389; x_wconf 83' lang='lat' dir='ltr'><strong>subpositam</strong></span> <span class='ocrx_word' id='word_1_82' title='bbox 1520 1288 1664 1389; x_wconf 86' lang='lat' dir='ltr'><strong>publice</strong></span> <span class='ocrx_word' id='word_1_83' title='bbox 1681 1288 1904 1380; x_wconf 69' lang='lat' dir='ltr'><strong>nunciarunt,</strong></span> <span class='ocrx_word' id='word_1_84' title='bbox 1929 1286 2104 1368; x_wconf 87' lang='lat' dir='ltr'><strong>mandau-</strong></span> 
     </span>
     <span class='ocr_line' id='line_1_9' title="bbox 412 1389 2104 1493; baseline -0.005 -15"><span class='ocrx_word' id='word_1_85' title='bbox 412 1412 470 1478; x_wconf 87' lang='lat' dir='ltr'><strong>tes</strong></span> <span class='ocrx_word' id='word_1_86' title='bbox 487 1395 701 1488; x_wconf 80' lang='lat' dir='ltr'><strong>anctoritate</strong></span> <span class='ocrx_word' id='word_1_87' title='bbox 719 1392 1000 1470; x_wconf 84' lang='lat' dir='ltr'><strong>eibi·ccrumissa</strong></span> <span class='ocrx_word' id='word_1_88' title='bbox 1017 1389 1198 1468; x_wconf 85' lang='lat' dir='ltr'><strong>tamdem.</strong></span> <span class='ocrx_word' id='word_1_89' title='bbox 1219 1389 1496 1493; x_wconf 77' lang='lat' dir='ltr'><strong>archiepiscopo</strong></span> <span class='ocrx_word' id='word_1_90' title='bbox 1515 1417 1618 1491; x_wconf 85' lang='lat' dir='ltr'><strong>quarn</strong></span> <span class='ocrx_word' id='word_1_91' title='bbox 1637 1392 1715 1468; x_wconf 89' lang='lat' dir='ltr'><strong>suis</strong></span> <span class='ocrx_word' id='word_1_92' title='bbox 1733 1393 1988 1490; x_wconf 75' lang='lat' dir='ltr'><strong>suffraganeis,</strong></span> <span class='ocrx_word' id='word_1_93' title='bbox 2015 1392 2104 1468; x_wconf 92' lang='lat' dir='ltr'><strong>utin</strong></span> 
     </span>
     <span class='ocr_line' id='line_1_10' title="bbox 409 1495 2103 1597; baseline -0.001 -23"><span class='ocrx_word' id='word_1_94' title='bbox 409 1500 585 1583; x_wconf 87' lang='lat' dir='ltr'><strong>ecclesiis</strong></span> <span class='ocrx_word' id='word_1_95' title='bbox 607 1498 686 1575; x_wconf 77' lang='lat' dir='ltr'><strong>stris</strong></span> <span class='ocrx_word' id='word_1_96' title='bbox 711 1508 749 1574; x_wconf 87' lang='lat' dir='ltr'><strong>et</strong></span> <span class='ocrx_word' id='word_1_97' title='bbox 775 1495 993 1572; x_wconf 83' lang='lat' dir='ltr'><strong>subditorum</strong></span> <span class='ocrx_word' id='word_1_98' title='bbox 1015 1520 1158 1572; x_wconf 76' lang='lat' dir='ltr'><strong>surorum</strong></span> <span class='ocrx_word' id='word_1_99' title='bbox 1181 1497 1286 1597; x_wconf 88' lang='lat' dir='ltr'><strong>ipsas</strong></span> <span class='ocrx_word' id='word_1_100' title='bbox 1312 1497 1524 1574; x_wconf 73' lang='lat' dir='ltr'><strong>sentencias</strong></span> <span class='ocrx_word' id='word_1_101' title='bbox 1546 1495 1784 1597; x_wconf 78' lang='lat' dir='ltr'><strong>publicarent,</strong></span> <span class='ocrx_word' id='word_1_102' title='bbox 1812 1520 1891 1574; x_wconf 91' lang='lat' dir='ltr'><strong>cum</strong></span> <span class='ocrx_word' id='word_1_103' title='bbox 1913 1505 1987 1575; x_wconf 90' lang='lat' dir='ltr'><strong>tam</strong></span> <span class='ocrx_word' id='word_1_104' title='bbox 2009 1495 2103 1596; x_wconf 79' lang='lat' dir='ltr'><strong>ipsis</strong></span> 
     </span>
     <span class='ocr_line' id='line_1_11' title="bbox 410 1595 2207 1702; baseline -0.003 -20"><span class='ocrx_word' id='word_1_105' title='bbox 410 1601 668 1682; x_wconf 85' lang='lat' dir='ltr'><strong>executoribus</strong></span> <span class='ocrx_word' id='word_1_106' title='bbox 692 1625 795 1699; x_wconf 83' lang='lat' dir='ltr'><strong>quam</strong></span> <span class='ocrx_word' id='word_1_107' title='bbox 820 1600 903 1676; x_wconf 89' lang='lat' dir='ltr'><strong>aliis</strong></span> <span class='ocrx_word' id='word_1_108' title='bbox 927 1600 1087 1676; x_wconf 90' lang='lat' dir='ltr'><strong>omuibus</strong></span> <span class='ocrx_word' id='word_1_109' title='bbox 1111 1624 1178 1700; x_wconf 89' lang='lat' dir='ltr'><strong>per</strong></span> <span class='ocrx_word' id='word_1_110' title='bbox 1204 1611 1313 1675; x_wconf 86' lang='lat' dir='ltr'><strong>totam</strong></span> <span class='ocrx_word' id='word_1_111' title='bbox 1336 1600 1556 1700; x_wconf 88' lang='lat' dir='ltr'><strong>provinciam</strong></span> <span class='ocrx_word' id='word_1_112' title='bbox 1581 1600 1841 1679; x_wconf 79' lang='lat' dir='ltr'><strong>Pulcnica&#39;m</strong></span> <span class='ocrx_word' id='word_1_113' title='bbox 1863 1599 1978 1702; x_wconf 85' lang='lat' dir='ltr'><strong>ipsius</strong></span> <span class='ocrx_word' id='word_1_114' title='bbox 1995 1595 2101 1676; x_wconf 85' lang='lat' dir='ltr'><strong>ducis</strong></span> <span class='ocrx_word' id='word_1_115' title='bbox 2201 1595 2207 1604; x_wconf 75' lang='grc'><strong><em>’</em></strong></span> 
     </span>
     <span class='ocr_line' id='line_1_12' title="bbox 408 1701 2103 1803; baseline -0.002 -21"><span class='ocrx_word' id='word_1_116' title='bbox 408 1706 590 1784; x_wconf 82' lang='lat' dir='ltr'><strong>violencie</strong></span> <span class='ocrx_word' id='word_1_117' title='bbox 620 1714 657 1782; x_wconf 87' lang='lat' dir='ltr'><strong>et</strong></span> <span class='ocrx_word' id='word_1_118' title='bbox 685 1727 880 1803; x_wconf 73' lang='lat' dir='ltr'><strong>gravamen</strong></span> <span class='ocrx_word' id='word_1_119' title='bbox 911 1701 1004 1802; x_wconf 87' lang='lat' dir='ltr'><strong>quud</strong></span> <span class='ocrx_word' id='word_1_120' title='bbox 1027 1702 1135 1780; x_wconf 81' lang='lat' dir='ltr'><strong>insert</strong></span> <span class='ocrx_word' id='word_1_121' title='bbox 1167 1703 1331 1780; x_wconf 84' lang='lat' dir='ltr'><strong>ecclesie</strong></span> <span class='ocrx_word' id='word_1_122' title='bbox 1357 1727 1407 1780; x_wconf 90' lang='lat' dir='ltr'><strong>ex</strong></span> <span class='ocrx_word' id='word_1_123' title='bbox 1431 1704 1705 1782; x_wconf 87' lang='lat' dir='ltr'><strong>continuaciune</strong></span> <span class='ocrx_word' id='word_1_124' title='bbox 1732 1703 1823 1781; x_wconf 84' lang='lat' dir='ltr'><strong>lacti</strong></span> <span class='ocrx_word' id='word_1_125' title='bbox 1848 1703 1975 1780; x_wconf 89' lang='lat' dir='ltr'><strong>notorii</strong></span> <span class='ocrx_word' id='word_1_126' title='bbox 1998 1713 2103 1780; x_wconf 88' lang='lat' dir='ltr'><strong>esset</strong></span> 
     </span>
     <span class='ocr_line' id='line_1_13' title="bbox 409 1805 2102 1908; baseline -0.001 -22"><span class='ocrx_word' id='word_1_127' title='bbox 409 1822 541 1886; x_wconf 88' lang='lat' dir='ltr'><strong>notum.</strong></span> <span class='ocrx_word' id='word_1_128' title='bbox 583 1806 698 1885; x_wconf 90' lang='lat' dir='ltr'><strong>lidem</strong></span> <span class='ocrx_word' id='word_1_129' title='bbox 717 1807 832 1883; x_wconf 89' lang='lat' dir='ltr'><strong>eciam</strong></span> <span class='ocrx_word' id='word_1_130' title='bbox 851 1817 1073 1886; x_wconf 84' lang='lat' dir='ltr'><strong>executores</strong></span> <span class='ocrx_word' id='word_1_131' title='bbox 1089 1807 1260 1884; x_wconf 88' lang='lat' dir='ltr'><strong>miseruut</strong></span> <span class='ocrx_word' id='word_1_132' title='bbox 1277 1808 1444 1884; x_wconf 87' lang='lat' dir='ltr'><strong>abbatem</strong></span> <span class='ocrx_word' id='word_1_133' title='bbox 1461 1805 1509 1884; x_wconf 92' lang='lat' dir='ltr'><strong>de</strong></span> <span class='ocrx_word' id='word_1_134' title='bbox 1527 1808 1711 1898; x_wconf 69' lang='lat' dir='ltr'><strong>Lubinl)</strong></span> <span class='ocrx_word' id='word_1_135' title='bbox 1731 1821 1769 1885; x_wconf 87' lang='lat' dir='ltr'><strong>et</strong></span> <span class='ocrx_word' id='word_1_136' title='bbox 1785 1805 1963 1908; x_wconf 84' lang='lat' dir='ltr'><strong>quendem</strong></span> <span class='ocrx_word' id='word_1_137' title='bbox 1979 1805 2102 1884; x_wconf 85' lang='lat' dir='ltr'><strong>archi·</strong></span> 
     </span>
     <span class='ocr_line' id='line_1_14' title="bbox 410 1908 2102 2016; baseline -0.002 -27"><span class='ocrx_word' id='word_1_138' title='bbox 410 1915 659 2016; x_wconf 85' lang='lat' dir='ltr'><strong>presbyterum</strong></span> <span class='ocrx_word' id='word_1_139' title='bbox 677 1909 727 1986; x_wconf 88' lang='lat' dir='ltr'><strong>od</strong></span> <span class='ocrx_word' id='word_1_140' title='bbox 744 1909 837 1986; x_wconf 90' lang='lat' dir='ltr'><strong>dom.</strong></span> <span class='ocrx_word' id='word_1_141' title='bbox 857 1909 985 1988; x_wconf 91' lang='lat' dir='ltr'><strong>ducem</strong></span> <span class='ocrx_word' id='word_1_142' title='bbox 1011 1921 1179 1986; x_wconf 90' lang='lat' dir='ltr'><strong>nostrum.</strong></span> <span class='ocrx_word' id='word_1_143' title='bbox 1230 1910 1300 2000; x_wconf 83' lang='lat' dir='ltr'><strong>Qui</strong></span> <span class='ocrx_word' id='word_1_144' title='bbox 1315 1911 1353 1986; x_wconf 92' lang='lat' dir='ltr'><strong>in</strong></span> <span class='ocrx_word' id='word_1_145' title='bbox 1370 1909 1431 1988; x_wconf 90' lang='lat' dir='ltr'><strong>die</strong></span> <span class='ocrx_word' id='word_1_146' title='bbox 1449 1912 1484 1986; x_wconf 88' lang='lat' dir='ltr'><strong>b.</strong></span> <span class='ocrx_word' id='word_1_147' title='bbox 1500 1911 1688 2012; x_wconf 84' lang='lat' dir='ltr'><strong>Lamperti</strong></span> <span class='ocrx_word' id='word_1_148' title='bbox 1705 1909 1799 1988; x_wconf 90' lang='lat' dir='ltr'><strong>dom.</strong></span> <span class='ocrx_word' id='word_1_149' title='bbox 1819 1909 1950 1988; x_wconf 90' lang='lat' dir='ltr'><strong>ducem</strong></span> <span class='ocrx_word' id='word_1_150' title='bbox 1966 1909 2001 1988; x_wconf 90' lang='lat' dir='ltr'><strong>in</strong></span> <span class='ocrx_word' id='word_1_151' title='bbox 2020 1908 2102 1986; x_wconf 83' lang='lat' dir='ltr'><strong>Ot-</strong></span> 
     </span>
     <span class='ocr_line' id='line_1_15' title="bbox 411 2013 2104 2116; baseline -0.002 -22"><span class='ocrx_word' id='word_1_152' title='bbox 411 2017 609 2094; x_wconf 88' lang='lat' dir='ltr'><strong>mucbow</strong></span> <span class='ocrx_word' id='word_1_153' title='bbox 632 2015 858 2090; x_wconf 88' lang='lat' dir='ltr'><strong>invenientes</strong></span> <span class='ocrx_word' id='word_1_154' title='bbox 882 2015 997 2114; x_wconf 88' lang='lat' dir='ltr'><strong>ipsum</strong></span> <span class='ocrx_word' id='word_1_155' title='bbox 1015 2015 1191 2090; x_wconf 87' lang='lat' dir='ltr'><strong>canonice</strong></span> <span class='ocrx_word' id='word_1_156' title='bbox 1208 2025 1426 2106; x_wconf 90' lang='lat' dir='ltr'><strong>monuerunt,</strong></span> <span class='ocrx_word' id='word_1_157' title='bbox 1454 2025 1492 2094; x_wconf 87' lang='lat' dir='ltr'><strong>nt</strong></span> <span class='ocrx_word' id='word_1_158' title='bbox 1509 2013 1650 2090; x_wconf 91' lang='lat' dir='ltr'><strong>domiuo</strong></span> <span class='ocrx_word' id='word_1_159' title='bbox 1668 2016 1857 2116; x_wconf 87' lang='lat' dir='ltr'><strong>episcopo,</strong></span> <span class='ocrx_word' id='word_1_160' title='bbox 1885 2014 2049 2092; x_wconf 85' lang='lat' dir='ltr'><strong>ecclesie</strong></span> <span class='ocrx_word' id='word_1_161' title='bbox 2066 2023 2104 2090; x_wconf 90' lang='lat' dir='ltr'><strong>et</strong></span> 
     </span>
     <span class='ocr_line' id='line_1_16' title="bbox 410 2114 1967 2220; baseline -0.002 -23"><span class='ocrx_word' id='word_1_162' title='bbox 410 2121 475 2197; x_wconf 90' lang='lat' dir='ltr'><strong>tuti</strong></span> <span class='ocrx_word' id='word_1_163' title='bbox 493 2121 593 2200; x_wconf 90' lang='lat' dir='ltr'><strong>clerc</strong></span> <span class='ocrx_word' id='word_1_164' title='bbox 612 2142 725 2220; x_wconf 82' lang='lat' dir='ltr'><strong>nsque</strong></span> <span class='ocrx_word' id='word_1_165' title='bbox 744 2116 793 2192; x_wconf 89' lang='lat' dir='ltr'><strong>ad</strong></span> <span class='ocrx_word' id='word_1_166' title='bbox 811 2143 914 2190; x_wconf 89' lang='lat' dir='ltr'><strong>unum</strong></span> <span class='ocrx_word' id='word_1_167' title='bbox 931 2141 1088 2193; x_wconf 73' lang='lat' dir='ltr'><strong>inensem</strong></span> <span class='ocrx_word' id='word_1_168' title='bbox 1107 2117 1343 2192; x_wconf 84' lang='lat' dir='ltr'><strong>satisfaceret</strong></span> <span class='ocrx_word' id='word_1_169' title='bbox 1360 2114 1405 2191; x_wconf 86' lang='lat' dir='ltr'><strong>de</strong></span> <span class='ocrx_word' id='word_1_170' title='bbox 1423 2119 1555 2192; x_wconf 88' lang='lat' dir='ltr'><strong>ablatis</strong></span> <span class='ocrx_word' id='word_1_171' title='bbox 1574 2130 1611 2194; x_wconf 89' lang='lat' dir='ltr'><strong>et</strong></span> <span class='ocrx_word' id='word_1_172' title='bbox 1627 2119 1767 2218; x_wconf 90' lang='lat' dir='ltr'><strong>injuriis</strong></span> <span class='ocrx_word' id='word_1_173' title='bbox 1784 2119 1967 2218; x_wconf 80' lang='lat' dir='ltr'><strong>irrogatis.</strong></span> 
     </span>
    </p>

    <p class='ocr_par' dir='ltr' id='par_1_3' title="bbox 409 2215 2105 3154">
     <span class='ocr_line' id='line_1_17' title="bbox 514 2215 2101 2320; baseline 0.001 -22"><span class='ocrx_word' id='word_1_174' title='bbox 514 2223 692 2320; x_wconf 83' lang='lat' dir='ltr'><strong>Miserunt</strong></span> <span class='ocrx_word' id='word_1_175' title='bbox 721 2222 837 2298; x_wconf 89' lang='lat' dir='ltr'><strong>eciam</strong></span> <span class='ocrx_word' id='word_1_176' title='bbox 867 2217 1042 2320; x_wconf 89' lang='lat' dir='ltr'><strong>quendam</strong></span> <span class='ocrx_word' id='word_1_177' title='bbox 1060 2219 1268 2296; x_wconf 88' lang='lat' dir='ltr'><strong>monachum</strong></span> <span class='ocrx_word' id='word_1_178' title='bbox 1300 2215 1348 2295; x_wconf 91' lang='lat' dir='ltr'><strong>de</strong></span> <span class='ocrx_word' id='word_1_179' title='bbox 1374 2217 1557 2298; x_wconf 84' lang='lat' dir='ltr'><strong>Strelno</strong></span> <span class='ocrx_word' id='word_1_180' title='bbox 1582 2223 1930 2299; x_wconf 75' lang='lat' dir='ltr'><strong>premonstratensis</strong></span> <span class='ocrx_word' id='word_1_181' title='bbox 1954 2219 2101 2313; x_wconf 87' lang='lat' dir='ltr'><strong>ordinis,</strong></span> 
     </span>
     <span class='ocr_line' id='line_1_18' title="bbox 410 2321 2103 2428; baseline -0.001 -26"><span class='ocrx_word' id='word_1_182' title='bbox 410 2323 824 2403; x_wconf 84' lang='lat' dir='ltr'><strong>Wladizlauieusis</strong></span> <span class='ocrx_word' id='word_1_183' title='bbox 850 2321 1025 2428; x_wconf 89' lang='lat' dir='ltr'><strong>dyocesis</strong></span> <span class='ocrx_word' id='word_1_184' title='bbox 1044 2347 1123 2398; x_wconf 91' lang='lat' dir='ltr'><strong>cnm</strong></span> <span class='ocrx_word' id='word_1_185' title='bbox 1145 2323 1274 2399; x_wconf 88' lang='lat' dir='ltr'><strong>litteris</strong></span> <span class='ocrx_word' id='word_1_186' title='bbox 1292 2325 1508 2424; x_wconf 87' lang='lat' dir='ltr'><strong>patentibus,</strong></span> <span class='ocrx_word' id='word_1_187' title='bbox 1536 2325 1718 2403; x_wconf 90' lang='lat' dir='ltr'><strong>autentico</strong></span> <span class='ocrx_word' id='word_1_188' title='bbox 1743 2326 1946 2428; x_wconf 90' lang='lat' dir='ltr'><strong>apostolico</strong></span> <span class='ocrx_word' id='word_1_189' title='bbox 1969 2325 2103 2402; x_wconf 89' lang='lat' dir='ltr'><strong>inserto</strong></span> 
     </span>
     <span class='ocr_line' id='line_1_19' title="bbox 411 2425 2103 2534; baseline -0.004 -26"><span class='ocrx_word' id='word_1_190' title='bbox 411 2443 450 2508; x_wconf 91' lang='lat' dir='ltr'><strong>et</strong></span> <span class='ocrx_word' id='word_1_191' title='bbox 466 2430 617 2534; x_wconf 86' lang='lat' dir='ltr'><strong>propriis</strong></span> <span class='ocrx_word' id='word_1_192' title='bbox 635 2427 766 2526; x_wconf 83' lang='lat' dir='ltr'><strong>sigillis</strong></span> <span class='ocrx_word' id='word_1_193' title='bbox 785 2428 958 2529; x_wconf 86' lang='lat' dir='ltr'><strong>appensis</strong></span> <span class='ocrx_word' id='word_1_194' title='bbox 976 2427 1011 2502; x_wconf 95' lang='lat' dir='ltr'><strong>in</strong></span> <span class='ocrx_word' id='word_1_195' title='bbox 1029 2427 1163 2502; x_wconf 89' lang='lat' dir='ltr'><strong>Wrat.</strong></span> <span class='ocrx_word' id='word_1_196' title='bbox 1190 2425 1238 2502; x_wconf 89' lang='lat' dir='ltr'><strong>ad</strong></span> <span class='ocrx_word' id='word_1_197' title='bbox 1256 2427 1475 2530; x_wconf 84' lang='lat' dir='ltr'><strong>prepositum</strong></span> <span class='ocrx_word' id='word_1_198' title='bbox 1498 2439 1536 2505; x_wconf 88' lang='lat' dir='ltr'><strong>et</strong></span> <span class='ocrx_word' id='word_1_199' title='bbox 1559 2429 1712 2532; x_wconf 88' lang='lat' dir='ltr'><strong>priorem</strong></span> <span class='ocrx_word' id='word_1_200' title='bbox 1736 2429 1943 2506; x_wconf 87' lang='lat' dir='ltr'><strong>monasterii</strong></span> <span class='ocrx_word' id='word_1_201' title='bbox 1961 2455 1992 2505; x_wconf 91' lang='lat' dir='ltr'><strong>s.</strong></span> <span class='ocrx_word' id='word_1_202' title='bbox 2008 2429 2103 2504; x_wconf 89' lang='lat' dir='ltr'><strong>Vin-</strong></span> 
     </span>
     <span class='ocr_line' id='line_1_20' title="bbox 412 2530 2103 2634; baseline -0.002 -24"><span class='ocrx_word' id='word_1_203' title='bbox 412 2535 542 2624; x_wconf 91' lang='lat' dir='ltr'><strong>cencii,</strong></span> <span class='ocrx_word' id='word_1_204' title='bbox 570 2542 607 2606; x_wconf 93' lang='lat' dir='ltr'><strong>nt</strong></span> <span class='ocrx_word' id='word_1_205' title='bbox 630 2530 738 2608; x_wconf 92' lang='lat' dir='ltr'><strong>iidem</strong></span> <span class='ocrx_word' id='word_1_206' title='bbox 763 2531 969 2634; x_wconf 89' lang='lat' dir='ltr'><strong>prepositus</strong></span> <span class='ocrx_word' id='word_1_207' title='bbox 994 2541 1032 2606; x_wconf 87' lang='lat' dir='ltr'><strong>et</strong></span> <span class='ocrx_word' id='word_1_208' title='bbox 1047 2531 1144 2632; x_wconf 91' lang='lat' dir='ltr'><strong>prior</strong></span> <span class='ocrx_word' id='word_1_209' title='bbox 1159 2531 1369 2608; x_wconf 87' lang='lat' dir='ltr'><strong>sentencias</strong></span> <span class='ocrx_word' id='word_1_210' title='bbox 1387 2533 1775 2610; x_wconf 74' lang='lat' dir='ltr'><strong>excommunicacionis</strong></span> <span class='ocrx_word' id='word_1_211' title='bbox 1792 2533 1827 2608; x_wconf 92' lang='lat' dir='ltr'><strong>iu</strong></span> <span class='ocrx_word' id='word_1_212' title='bbox 1846 2531 1977 2610; x_wconf 88' lang='lat' dir='ltr'><strong>ducem</strong></span> <span class='ocrx_word' id='word_1_213' title='bbox 1994 2545 2032 2609; x_wconf 93' lang='lat' dir='ltr'><strong>et</strong></span> <span class='ocrx_word' id='word_1_214' title='bbox 2047 2534 2103 2608; x_wconf 90' lang='lat' dir='ltr'><strong>iu-</strong></span> 
     </span>
     <span class='ocr_line' id='line_1_21' title="bbox 410 2633 2103 2736; baseline -0.001 -23"><span class='ocrx_word' id='word_1_215' title='bbox 410 2633 553 2713; x_wconf 87' lang='lat' dir='ltr'><strong>terdicti</strong></span> <span class='ocrx_word' id='word_1_216' title='bbox 579 2637 764 2711; x_wconf 90' lang='lat' dir='ltr'><strong>interram</strong></span> <span class='ocrx_word' id='word_1_217' title='bbox 789 2661 903 2728; x_wconf 88' lang='lat' dir='ltr'><strong>snam,</strong></span> <span class='ocrx_word' id='word_1_218' title='bbox 929 2633 1072 2736; x_wconf 90' lang='lat' dir='ltr'><strong>primum</strong></span> <span class='ocrx_word' id='word_1_219' title='bbox 1098 2633 1133 2708; x_wconf 91' lang='lat' dir='ltr'><strong>iu</strong></span> <span class='ocrx_word' id='word_1_220' title='bbox 1157 2635 1373 2710; x_wconf 78' lang='lat' dir='ltr'><strong>mourasterio</strong></span> <span class='ocrx_word' id='word_1_221' title='bbox 1397 2660 1476 2727; x_wconf 89' lang='lat' dir='ltr'><strong>sno,</strong></span> <span class='ocrx_word' id='word_1_222' title='bbox 1504 2635 1638 2713; x_wconf 92' lang='lat' dir='ltr'><strong>deinde</strong></span> <span class='ocrx_word' id='word_1_223' title='bbox 1664 2637 1698 2712; x_wconf 93' lang='lat' dir='ltr'><strong>in</strong></span> <span class='ocrx_word' id='word_1_224' title='bbox 1725 2637 1891 2713; x_wconf 88' lang='lat' dir='ltr'><strong>ecclesia</strong></span> <span class='ocrx_word' id='word_1_225' title='bbox 1908 2663 1940 2710; x_wconf 91' lang='lat' dir='ltr'><strong>s.</strong></span> <span class='ocrx_word' id='word_1_226' title='bbox 1959 2635 2103 2712; x_wconf 88' lang='lat' dir='ltr'><strong>lllaric</strong></span> 
     </span>
     <span class='ocr_line' id='line_1_22' title="bbox 409 2737 2102 2842; baseline 0.001 -27"><span class='ocrx_word' id='word_1_227' title='bbox 409 2739 560 2840; x_wconf 82' lang='lat' dir='ltr'><strong>virginis</strong></span> <span class='ocrx_word' id='word_1_228' title='bbox 579 2739 666 2816; x_wconf 88' lang='lat' dir='ltr'><strong>etin</strong></span> <span class='ocrx_word' id='word_1_229' title='bbox 686 2739 859 2815; x_wconf 86' lang='lat' dir='ltr'><strong>ecclesiis</strong></span> <span class='ocrx_word' id='word_1_230' title='bbox 877 2765 909 2813; x_wconf 86' lang='lat' dir='ltr'><strong>s.</strong></span> <span class='ocrx_word' id='word_1_231' title='bbox 928 2737 1071 2828; x_wconf 86' lang='lat' dir='ltr'><strong>Marie</strong></span> <span class='ocrx_word' id='word_1_232' title='bbox 1089 2737 1365 2838; x_wconf 84' lang='lat' dir='ltr'><strong>Magdalene</strong></span> <span class='ocrx_word' id='word_1_233' title='bbox 1384 2749 1421 2813; x_wconf 93' lang='lat' dir='ltr'><strong>et</strong></span> <span class='ocrx_word' id='word_1_234' title='bbox 1439 2766 1470 2814; x_wconf 87' lang='lat' dir='ltr'><strong>s.</strong></span> <span class='ocrx_word' id='word_1_235' title='bbox 1489 2739 1761 2832; x_wconf 81' lang='lat' dir='ltr'><strong>Elizabetb,</strong></span> <span class='ocrx_word' id='word_1_236' title='bbox 1778 2739 1935 2842; x_wconf 87' lang='lat' dir='ltr'><strong>pulsatis</strong></span> <span class='ocrx_word' id='word_1_237' title='bbox 1954 2765 2102 2842; x_wconf 87' lang='lat' dir='ltr'><strong>campa·</strong></span> 
     </span>
     <span class='ocr_line' id='line_1_23' title="bbox 411 2839 2104 2946; baseline 0.001 -28"><span class='ocrx_word' id='word_1_238' title='bbox 411 2843 467 2920; x_wconf 88' lang='lat' dir='ltr'><strong>nis</strong></span> <span class='ocrx_word' id='word_1_239' title='bbox 486 2853 523 2920; x_wconf 92' lang='lat' dir='ltr'><strong>et</strong></span> <span class='ocrx_word' id='word_1_240' title='bbox 540 2839 705 2920; x_wconf 87' lang='lat' dir='ltr'><strong>candelis</strong></span> <span class='ocrx_word' id='word_1_241' title='bbox 724 2841 895 2918; x_wconf 84' lang='lat' dir='ltr'><strong>accensis</strong></span> <span class='ocrx_word' id='word_1_242' title='bbox 913 2841 1056 2944; x_wconf 90' lang='lat' dir='ltr'><strong>publice</strong></span> <span class='ocrx_word' id='word_1_243' title='bbox 1075 2843 1294 2918; x_wconf 89' lang='lat' dir='ltr'><strong>nunciarent.</strong></span> <span class='ocrx_word' id='word_1_244' title='bbox 1321 2839 1403 2920; x_wconf 83' lang='lat' dir='ltr'><strong>Sed</strong></span> <span class='ocrx_word' id='word_1_245' title='bbox 1420 2841 1526 2918; x_wconf 89' lang='lat' dir='ltr'><strong>iidem</strong></span> <span class='ocrx_word' id='word_1_246' title='bbox 1544 2844 1751 2946; x_wconf 89' lang='lat' dir='ltr'><strong>prepositus</strong></span> <span class='ocrx_word' id='word_1_247' title='bbox 1766 2857 1803 2920; x_wconf 88' lang='lat' dir='ltr'><strong>et</strong></span> <span class='ocrx_word' id='word_1_248' title='bbox 1816 2845 1912 2946; x_wconf 90' lang='lat' dir='ltr'><strong>prior</strong></span> <span class='ocrx_word' id='word_1_249' title='bbox 1922 2843 2027 2946; x_wconf 88' lang='lat' dir='ltr'><strong>ipsas</strong></span> <span class='ocrx_word' id='word_1_250' title='bbox 2044 2841 2104 2920; x_wconf 79' lang='lat' dir='ltr'><strong>lit-</strong></span> 
     </span>
     <span class='ocr_line' id='line_1_24' title="bbox 411 2945 2105 3050; baseline 0.001 -28"><span class='ocrx_word' id='word_1_251' title='bbox 411 2958 512 3023; x_wconf 85' lang='lat' dir='ltr'><strong>teras</strong></span> <span class='ocrx_word' id='word_1_252' title='bbox 531 2948 576 3021; x_wconf 91' lang='lat' dir='ltr'><strong>ab</strong></span> <span class='ocrx_word' id='word_1_253' title='bbox 597 2945 724 3022; x_wconf 87' lang='lat' dir='ltr'><strong>eodem</strong></span> <span class='ocrx_word' id='word_1_254' title='bbox 743 2947 917 3025; x_wconf 81' lang='lat' dir='ltr'><strong>morracho</strong></span> <span class='ocrx_word' id='word_1_255' title='bbox 936 2947 1100 3048; x_wconf 85' lang='lat' dir='ltr'><strong>recipere</strong></span> <span class='ocrx_word' id='word_1_256' title='bbox 1119 2945 1316 3037; x_wconf 90' lang='lat' dir='ltr'><strong>noluerunt,</strong></span> <span class='ocrx_word' id='word_1_257' title='bbox 1335 2971 1425 3046; x_wconf 86' lang='lat' dir='ltr'><strong>quas</strong></span> <span class='ocrx_word' id='word_1_258' title='bbox 1442 2945 1538 3022; x_wconf 93' lang='lat' dir='ltr'><strong>idem</strong></span> <span class='ocrx_word' id='word_1_259' title='bbox 1556 2947 1765 3040; x_wconf 87' lang='lat' dir='ltr'><strong>monachos,</strong></span> <span class='ocrx_word' id='word_1_260' title='bbox 1793 2947 1963 3050; x_wconf 88' lang='lat' dir='ltr'><strong>exposito</strong></span> <span class='ocrx_word' id='word_1_261' title='bbox 1981 2961 2105 3025; x_wconf 89' lang='lat' dir='ltr'><strong>tenore</strong></span> 
     </span>
     <span class='ocr_line' id='line_1_25' title="bbox 409 3049 2104 3154; baseline 0.003 -29"><span class='ocrx_word' id='word_1_262' title='bbox 409 3049 567 3154; x_wconf 86' lang='lat' dir='ltr'><strong>ipsarum</strong></span> <span class='ocrx_word' id='word_1_263' title='bbox 591 3050 785 3126; x_wconf 85' lang='lat' dir='ltr'><strong>litterarum</strong></span> <span class='ocrx_word' id='word_1_264' title='bbox 810 3049 918 3126; x_wconf 89' lang='lat' dir='ltr'><strong>dictis</strong></span> <span class='ocrx_word' id='word_1_265' title='bbox 943 3051 1128 3152; x_wconf 89' lang='lat' dir='ltr'><strong>preposito</strong></span> <span class='ocrx_word' id='word_1_266' title='bbox 1154 3061 1193 3127; x_wconf 92' lang='lat' dir='ltr'><strong>et</strong></span> <span class='ocrx_word' id='word_1_267' title='bbox 1214 3049 1321 3152; x_wconf 86' lang='lat' dir='ltr'><strong>priori</strong></span> <span class='ocrx_word' id='word_1_268' title='bbox 1348 3062 1385 3126; x_wconf 89' lang='lat' dir='ltr'><strong>et</strong></span> <span class='ocrx_word' id='word_1_269' title='bbox 1410 3049 1493 3126; x_wconf 85' lang='lat' dir='ltr'><strong>aliis</strong></span> <span class='ocrx_word' id='word_1_270' title='bbox 1518 3051 1699 3144; x_wconf 76' lang='lat' dir='ltr'><strong>fratribus,</strong></span> <span class='ocrx_word' id='word_1_271' title='bbox 1727 3077 1838 3154; x_wconf 89' lang='lat' dir='ltr'><strong>super</strong></span> <span class='ocrx_word' id='word_1_272' title='bbox 1855 3057 1971 3154; x_wconf 89' lang='lat' dir='ltr'><strong>majus</strong></span> <span class='ocrx_word' id='word_1_273' title='bbox 1989 3052 2104 3130; x_wconf 85' lang='lat' dir='ltr'><strong>altare</strong></span> 
     </span>
    </p>

    <p class='ocr_par' dir='ltr' id='par_1_4' title="bbox 436 3153 771 3232">
     <span class='ocr_line' id='line_1_26' title="bbox 436 3153 771 3232; baseline -0.009 -2"><span class='ocrx_word' id='word_1_274' title='bbox 436 3153 532 3230; x_wconf 89' lang='lat' dir='ltr'><strong>osuit</strong></span> <span class='ocrx_word' id='word_1_275' title='bbox 548 3164 586 3229; x_wconf 91' lang='lat' dir='ltr'><strong>et</strong></span> <span class='ocrx_word' id='word_1_276' title='bbox 603 3154 771 3232; x_wconf 87' lang='lat' dir='ltr'><strong>recessit.</strong></span> 
     </span>
    </p>

    <p class='ocr_par' dir='ltr' id='par_1_5' title="bbox 277 3179 2104 4080">
     <span class='ocr_line' id='line_1_27' title="bbox 410 3179 2104 3358; baseline 0.001 -27"><span class='ocrx_word' id='word_1_277' title='bbox 410 3179 434 3258; x_wconf 70' lang='lat' dir='ltr'>p</span> <span class='ocrx_word' id='word_1_278' title='bbox 478 3337 485 3348; x_wconf 58' lang='grc'><strong>,</strong></span> <span class='ocrx_word' id='word_1_279' title='bbox 513 3247 615 3332; x_wconf 85' lang='lat' dir='ltr'><strong>Idem</strong></span> <span class='ocrx_word' id='word_1_280' title='bbox 633 3255 748 3333; x_wconf 87' lang='lat' dir='ltr'><strong>eciem</strong></span> <span class='ocrx_word' id='word_1_281' title='bbox 766 3255 963 3332; x_wconf 88' lang='lat' dir='ltr'><strong>monachus</strong></span> <span class='ocrx_word' id='word_1_282' title='bbox 981 3280 1030 3332; x_wconf 90' lang='lat' dir='ltr'><strong>ex</strong></span> <span class='ocrx_word' id='word_1_283' title='bbox 1042 3265 1146 3358; x_wconf 89' lang='lat' dir='ltr'><strong>parte</strong></span> <span class='ocrx_word' id='word_1_284' title='bbox 1160 3253 1333 3331; x_wconf 89' lang='lat' dir='ltr'><strong>dictorum</strong></span> <span class='ocrx_word' id='word_1_285' title='bbox 1347 3267 1579 3334; x_wconf 85' lang='lat' dir='ltr'><strong>executurum</strong></span> <span class='ocrx_word' id='word_1_286' title='bbox 1595 3255 1737 3334; x_wconf 87' lang='lat' dir='ltr'><strong>litteras</strong></span> <span class='ocrx_word' id='word_1_287' title='bbox 1756 3255 1955 3358; x_wconf 83' lang='lat' dir='ltr'><strong>guardiauo</strong></span> <span class='ocrx_word' id='word_1_288' title='bbox 1973 3269 2012 3334; x_wconf 89' lang='lat' dir='ltr'><strong>ct</strong></span> <span class='ocrx_word' id='word_1_289' title='bbox 2028 3255 2104 3333; x_wconf 82' lang='lat' dir='ltr'><strong>fra·</strong></span> 
     </span>
     <span class='ocr_line' id='line_1_28' title="bbox 414 3358 2104 3460; baseline 0.002 -27"><span class='ocrx_word' id='word_1_290' title='bbox 414 3358 528 3434; x_wconf 90' lang='lat' dir='ltr'><strong>tribus</strong></span> <span class='ocrx_word' id='word_1_291' title='bbox 545 3359 744 3434; x_wconf 87' lang='lat' dir='ltr'><strong>llliucribns</strong></span> <span class='ocrx_word' id='word_1_292' title='bbox 761 3360 796 3431; x_wconf 84' lang='lat' dir='ltr'><strong>in</strong></span> <span class='ocrx_word' id='word_1_293' title='bbox 815 3382 935 3434; x_wconf 90' lang='lat' dir='ltr'><strong>eurum</strong></span> <span class='ocrx_word' id='word_1_294' title='bbox 954 3359 1118 3434; x_wconf 88' lang='lat' dir='ltr'><strong>ecclesia</strong></span> <span class='ocrx_word' id='word_1_295' title='bbox 1135 3359 1370 3458; x_wconf 87' lang='lat' dir='ltr'><strong>presentavit,</strong></span> <span class='ocrx_word' id='word_1_296' title='bbox 1397 3371 1435 3433; x_wconf 93' lang='lat' dir='ltr'><strong>nt</strong></span> <span class='ocrx_word' id='word_1_297' title='bbox 1453 3373 1490 3436; x_wconf 89' lang='lat' dir='ltr'><strong>et</strong></span> <span class='ocrx_word' id='word_1_298' title='bbox 1506 3360 1621 3460; x_wconf 90' lang='lat' dir='ltr'><strong>ipsum</strong></span> <span class='ocrx_word' id='word_1_299' title='bbox 1634 3359 1763 3437; x_wconf 88' lang='lat' dir='ltr'><strong>ducem</strong></span> <span class='ocrx_word' id='word_1_300' title='bbox 1781 3362 1936 3438; x_wconf 83' lang='lat' dir='ltr'><strong>vitarent</strong></span> <span class='ocrx_word' id='word_1_301' title='bbox 1954 3385 2104 3438; x_wconf 91' lang='lat' dir='ltr'><strong>excom·</strong></span> 
     </span>
     <span class='ocr_line' id='line_1_29' title="bbox 411 3459 2104 3564; baseline 0.002 -28"><span class='ocrx_word' id='word_1_302' title='bbox 411 3461 621 3536; x_wconf 89' lang='lat' dir='ltr'><strong>municatnm</strong></span> <span class='ocrx_word' id='word_1_303' title='bbox 641 3472 678 3536; x_wconf 85' lang='lat' dir='ltr'><strong>et</strong></span> <span class='ocrx_word' id='word_1_304' title='bbox 695 3474 885 3536; x_wconf 85' lang='lat' dir='ltr'><strong>servarent</strong></span> <span class='ocrx_word' id='word_1_305' title='bbox 902 3461 1122 3538; x_wconf 86' lang='lat' dir='ltr'><strong>sentenciam</strong></span> <span class='ocrx_word' id='word_1_306' title='bbox 1140 3459 1330 3538; x_wconf 89' lang='lat' dir='ltr'><strong>interdicti.</strong></span> <span class='ocrx_word' id='word_1_307' title='bbox 1360 3460 1442 3539; x_wconf 83' lang='lat' dir='ltr'><strong>Sed</strong></span> <span class='ocrx_word' id='word_1_308' title='bbox 1459 3463 1528 3564; x_wconf 89' lang='lat' dir='ltr'><strong>ipsi</strong></span> <span class='ocrx_word' id='word_1_309' title='bbox 1547 3461 1768 3562; x_wconf 67' lang='lat' dir='ltr'><strong>girardianus</strong></span> <span class='ocrx_word' id='word_1_310' title='bbox 1787 3477 1825 3542; x_wconf 91' lang='lat' dir='ltr'><strong>et</strong></span> <span class='ocrx_word' id='word_1_311' title='bbox 1842 3465 1986 3557; x_wconf 87' lang='lat' dir='ltr'><strong>fratres,</strong></span> <span class='ocrx_word' id='word_1_312' title='bbox 2010 3466 2104 3540; x_wconf 87' lang='lat' dir='ltr'><strong>vitu-</strong></span> 
     </span>
     <span class='ocr_line' id='line_1_30' title="bbox 410 3559 2103 3686; baseline 0.002 -48"><span class='ocrx_word' id='word_1_313' title='bbox 410 3571 539 3686; x_wconf 88' lang='lat' dir='ltr'><strong>perato</strong></span> <span class='ocrx_word' id='word_1_314' title='bbox 561 3563 683 3638; x_wconf 88' lang='lat' dir='ltr'><strong>verbis</strong></span> <span class='ocrx_word' id='word_1_315' title='bbox 707 3559 806 3638; x_wconf 89' lang='lat' dir='ltr'><strong>dicto</strong></span> <span class='ocrx_word' id='word_1_316' title='bbox 831 3563 1023 3656; x_wconf 90' lang='lat' dir='ltr'><strong>monacho,</strong></span> <span class='ocrx_word' id='word_1_317' title='bbox 1049 3565 1189 3640; x_wconf 88' lang='lat' dir='ltr'><strong>litteras</strong></span> <span class='ocrx_word' id='word_1_318' title='bbox 1214 3565 1399 3641; x_wconf 88' lang='lat' dir='ltr'><strong>uoluerunt</strong></span> <span class='ocrx_word' id='word_1_319' title='bbox 1422 3567 1598 3668; x_wconf 89' lang='lat' dir='ltr'><strong>recipere.</strong></span> <span class='ocrx_word' id='word_1_320' title='bbox 1644 3567 1714 3658; x_wconf 80' lang='lat' dir='ltr'><strong>Qui</strong></span> <span class='ocrx_word' id='word_1_321' title='bbox 1741 3569 1937 3646; x_wconf 86' lang='lat' dir='ltr'><strong>monachos</strong></span> <span class='ocrx_word' id='word_1_322' title='bbox 1963 3569 2103 3645; x_wconf 87' lang='lat' dir='ltr'><strong>litteras</strong></span> 
     </span>
     <span class='ocr_line' id='line_1_31' title="bbox 410 3665 2104 3768; baseline 0.004 -28"><span class='ocrx_word' id='word_1_323' title='bbox 410 3691 513 3768; x_wconf 87' lang='lat' dir='ltr'><strong>rpsas</strong></span> <span class='ocrx_word' id='word_1_324' title='bbox 539 3689 649 3766; x_wconf 88' lang='lat' dir='ltr'><strong>super</strong></span> <span class='ocrx_word' id='word_1_325' title='bbox 670 3665 786 3741; x_wconf 86' lang='lat' dir='ltr'><strong>altare</strong></span> <span class='ocrx_word' id='word_1_326' title='bbox 809 3690 928 3742; x_wconf 90' lang='lat' dir='ltr'><strong>eorum</strong></span> <span class='ocrx_word' id='word_1_327' title='bbox 952 3667 1090 3768; x_wconf 90' lang='lat' dir='ltr'><strong>posuit,</strong></span> <span class='ocrx_word' id='word_1_328' title='bbox 1117 3665 1218 3748; x_wconf 83' lang='lat' dir='ltr'><strong>dicte</strong></span> <span class='ocrx_word' id='word_1_329' title='bbox 1242 3667 1381 3744; x_wconf 90' lang='lat' dir='ltr'><strong>eisdem</strong></span> <span class='ocrx_word' id='word_1_330' title='bbox 1405 3671 1563 3747; x_wconf 90' lang='lat' dir='ltr'><strong>breviter</strong></span> <span class='ocrx_word' id='word_1_331' title='bbox 1586 3672 1776 3748; x_wconf 89' lang='lat' dir='ltr'><strong>sentencia</strong></span> <span class='ocrx_word' id='word_1_332' title='bbox 1801 3671 2007 3748; x_wconf 89' lang='lat' dir='ltr'><strong>litterarum.</strong></span> <span class='ocrx_word' id='word_1_333' title='bbox 2050 3667 2104 3748; x_wconf 75' lang='lat' dir='ltr'><strong>Et</strong></span> 
     </span>
     <span class='ocr_line' id='line_1_32' title="bbox 346 3765 2103 3878; baseline 0.002 -34"><span class='ocrx_word' id='word_1_334' title='bbox 346 3831 354 3861; x_wconf 93' lang='lat'><strong>,</strong></span> <span class='ocrx_word' id='word_1_335' title='bbox 410 3765 505 3845; x_wconf 90' lang='lat' dir='ltr'><strong>idem</strong></span> <span class='ocrx_word' id='word_1_336' title='bbox 521 3767 718 3846; x_wconf 85' lang='lat' dir='ltr'><strong>monachus</strong></span> <span class='ocrx_word' id='word_1_337' title='bbox 739 3767 788 3844; x_wconf 93' lang='lat' dir='ltr'><strong>ad</strong></span> <span class='ocrx_word' id='word_1_338' title='bbox 806 3795 873 3846; x_wconf 90' lang='lat' dir='ltr'><strong>nos</strong></span> <span class='ocrx_word' id='word_1_339' title='bbox 889 3770 925 3844; x_wconf 94' lang='lat' dir='ltr'><strong>iu</strong></span> <span class='ocrx_word' id='word_1_340' title='bbox 938 3769 1151 3846; x_wconf 83' lang='lat' dir='ltr'><strong>llatbibor</strong></span> <span class='ocrx_word' id='word_1_341' title='bbox 1167 3771 1319 3847; x_wconf 88' lang='lat' dir='ltr'><strong>veniens</strong></span> <span class='ocrx_word' id='word_1_342' title='bbox 1333 3773 1487 3849; x_wconf 89' lang='lat' dir='ltr'><strong>sabbato</strong></span> <span class='ocrx_word' id='word_1_343' title='bbox 1505 3785 1656 3873; x_wconf 77' lang='lat' dir='ltr'><strong>qrrabrur</strong></span> <span class='ocrx_word' id='word_1_344' title='bbox 1673 3787 1868 3878; x_wconf 88' lang='lat' dir='ltr'><strong>temporum</strong></span> <span class='ocrx_word' id='word_1_345' title='bbox 1886 3800 2004 3852; x_wconf 91' lang='lat' dir='ltr'><strong>coram</strong></span> <span class='ocrx_word' id='word_1_346' title='bbox 2021 3773 2103 3878; x_wconf 81' lang='lat' dir='ltr'><strong>pln-</strong></span> 
     </span>
     <span class='ocr_line' id='line_1_33' title="bbox 277 3871 2103 3982; baseline 0.003 -35"><span class='ocrx_word' id='word_1_347' title='bbox 277 3897 285 3914; x_wconf 93' lang='lat'><strong>·</strong></span> <span class='ocrx_word' id='word_1_348' title='bbox 373 3879 394 3916; x_wconf 77' lang='lat'><strong>¹·</strong></span> <span class='ocrx_word' id='word_1_349' title='bbox 411 3873 510 3948; x_wconf 89' lang='lat' dir='ltr'><strong>ribus</strong></span> <span class='ocrx_word' id='word_1_350' title='bbox 532 3871 676 3949; x_wconf 90' lang='lat' dir='ltr'><strong>clericis</strong></span> <span class='ocrx_word' id='word_1_351' title='bbox 694 3873 728 3947; x_wconf 93' lang='lat' dir='ltr'><strong>in</strong></span> <span class='ocrx_word' id='word_1_352' title='bbox 748 3873 913 3950; x_wconf 87' lang='lat' dir='ltr'><strong>ecclesia</strong></span> <span class='ocrx_word' id='word_1_353' title='bbox 929 3873 1147 3976; x_wconf 86' lang='lat' dir='ltr'><strong>parrochiali</strong></span> <span class='ocrx_word' id='word_1_354' title='bbox 1164 3871 1213 3950; x_wconf 89' lang='lat' dir='ltr'><strong>ad</strong></span> <span class='ocrx_word' id='word_1_355' title='bbox 1232 3873 1377 3950; x_wconf 87' lang='lat' dir='ltr'><strong>ordines</strong></span> <span class='ocrx_word' id='word_1_356' title='bbox 1404 3879 1637 3978; x_wconf 80' lang='lat' dir='ltr'><strong>cougregatis</strong></span> <span class='ocrx_word' id='word_1_357' title='bbox 1655 3875 1704 3955; x_wconf 92' lang='lat' dir='ltr'><strong>de</strong></span> <span class='ocrx_word' id='word_1_358' title='bbox 1721 3879 1999 3982; x_wconf 89' lang='lat' dir='ltr'><strong>presentacioue</strong></span> <span class='ocrx_word' id='word_1_359' title='bbox 2017 3901 2103 3980; x_wconf 91' lang='lat' dir='ltr'><strong>pre-</strong></span> 
     </span>
     <span class='ocr_line' id='line_1_34' title="bbox 412 3973 2103 4080; baseline 0.002 -29"><span class='ocrx_word' id='word_1_360' title='bbox 412 3973 586 4052; x_wconf 88' lang='lat' dir='ltr'><strong>dictarum</strong></span> <span class='ocrx_word' id='word_1_361' title='bbox 608 3975 803 4052; x_wconf 89' lang='lat' dir='ltr'><strong>litterarum</strong></span> <span class='ocrx_word' id='word_1_362' title='bbox 827 3977 928 4054; x_wconf 83' lang='lat' dir='ltr'><strong>lacta</strong></span> <span class='ocrx_word' id='word_1_363' title='bbox 950 3991 1021 4053; x_wconf 89' lang='lat' dir='ltr'><strong>tam</strong></span> <span class='ocrx_word' id='word_1_364' title='bbox 1044 3977 1213 4054; x_wconf 83' lang='lat' dir='ltr'><strong>fratribus</strong></span> <span class='ocrx_word' id='word_1_365' title='bbox 1230 3977 1429 4054; x_wconf 86' lang='lat' dir='ltr'><strong>Minoribus</strong></span> <span class='ocrx_word' id='word_1_366' title='bbox 1455 4005 1559 4080; x_wconf 87' lang='lat' dir='ltr'><strong>quam</strong></span> <span class='ocrx_word' id='word_1_367' title='bbox 1582 3979 1655 4056; x_wconf 88' lang='lat' dir='ltr'><strong>illis</strong></span> <span class='ocrx_word' id='word_1_368' title='bbox 1673 3979 1722 4058; x_wconf 92' lang='lat' dir='ltr'><strong>de</strong></span> <span class='ocrx_word' id='word_1_369' title='bbox 1752 3993 1882 4062; x_wconf 87' lang='lat' dir='ltr'><strong>sancto</strong></span> <span class='ocrx_word' id='word_1_370' title='bbox 1899 3981 2103 4058; x_wconf 86' lang='lat' dir='ltr'><strong>Vincencic</strong></span> 
     </span>
    </p>

    <p class='ocr_par' dir='ltr' id='par_1_6' title="bbox 413 4077 1381 4184">
     <span class='ocr_line' id='line_1_35' title="bbox 413 4077 1381 4184; baseline 0.003 -29"><span class='ocrx_word' id='word_1_371' title='bbox 413 4089 471 4156; x_wconf 86' lang='lat' dir='ltr'><strong>est</strong></span> <span class='ocrx_word' id='word_1_372' title='bbox 488 4077 631 4180; x_wconf 88' lang='lat' dir='ltr'><strong>publice</strong></span> <span class='ocrx_word' id='word_1_373' title='bbox 648 4079 757 4156; x_wconf 87' lang='lat' dir='ltr'><strong>nobis</strong></span> <span class='ocrx_word' id='word_1_374' title='bbox 770 4080 886 4156; x_wconf 89' lang='lat' dir='ltr'><strong>eciam</strong></span> <span class='ocrx_word' id='word_1_375' title='bbox 902 4083 1131 4182; x_wconf 89' lang='lat' dir='ltr'><strong>presentibus</strong></span> <span class='ocrx_word' id='word_1_376' title='bbox 1147 4093 1381 4184; x_wconf 85' lang='lat' dir='ltr'><strong>protestatos.</strong></span> 
     </span>
    </p>

    <p class='ocr_par' dir='ltr' id='par_1_7' title="bbox 412 4182 2103 4704">
     <span class='ocr_line' id='line_1_36' title="bbox 514 4182 2103 4290; baseline 0.001 -28"><span class='ocrx_word' id='word_1_377' title='bbox 514 4182 696 4278; x_wconf 69' lang='lat' dir='ltr'><strong>Magister</strong></span> <span class='ocrx_word' id='word_1_378' title='bbox 718 4184 834 4260; x_wconf 88' lang='lat' dir='ltr'><strong>eciam</strong></span> <span class='ocrx_word' id='word_1_379' title='bbox 859 4185 1023 4262; x_wconf 89' lang='lat' dir='ltr'><strong>Petrus</strong></span> <span class='ocrx_word' id='word_1_380' title='bbox 1046 4187 1197 4264; x_wconf 88' lang='lat' dir='ltr'><strong>veniens</strong></span> <span class='ocrx_word' id='word_1_381' title='bbox 1222 4211 1272 4264; x_wconf 89' lang='lat' dir='ltr'><strong>ex</strong></span> <span class='ocrx_word' id='word_1_382' title='bbox 1294 4197 1398 4288; x_wconf 88' lang='lat' dir='ltr'><strong>parte</strong></span> <span class='ocrx_word' id='word_1_383' title='bbox 1417 4197 1650 4268; x_wconf 85' lang='lat' dir='ltr'><strong>executurum</strong></span> <span class='ocrx_word' id='word_1_384' title='bbox 1667 4189 1824 4290; x_wconf 86' lang='lat' dir='ltr'><strong>ipsorum</strong></span> <span class='ocrx_word' id='word_1_385' title='bbox 1841 4189 1984 4266; x_wconf 86' lang='lat' dir='ltr'><strong>litteras</strong></span> <span class='ocrx_word' id='word_1_386' title='bbox 2001 4187 2103 4264; x_wconf 87' lang='lat' dir='ltr'><strong>uobis</strong></span> 
     </span>
     <span class='ocr_line' id='line_1_37' title="bbox 412 4281 2103 4394; baseline 0.007 -40"><span class='ocrx_word' id='word_1_387' title='bbox 412 4281 501 4373; x_wconf 90' lang='lat' dir='ltr'><strong>tulit,</strong></span> <span class='ocrx_word' id='word_1_388' title='bbox 524 4285 560 4358; x_wconf 93' lang='lat' dir='ltr'><strong>in</strong></span> <span class='ocrx_word' id='word_1_389' title='bbox 579 4286 706 4384; x_wconf 79' lang='lat' dir='ltr'><strong>qtribus</strong></span> <span class='ocrx_word' id='word_1_390' title='bbox 723 4287 827 4362; x_wconf 89' lang='lat' dir='ltr'><strong>uobis</strong></span> <span class='ocrx_word' id='word_1_391' title='bbox 852 4313 919 4388; x_wconf 91' lang='lat' dir='ltr'><strong>per</strong></span> <span class='ocrx_word' id='word_1_392' title='bbox 940 4288 1044 4389; x_wconf 88' lang='lat' dir='ltr'><strong>ipsos</strong></span> <span class='ocrx_word' id='word_1_393' title='bbox 1070 4287 1316 4383; x_wconf 83' lang='lat' dir='ltr'><strong>mandabatur,</strong></span> <span class='ocrx_word' id='word_1_394' title='bbox 1343 4303 1381 4364; x_wconf 89' lang='lat' dir='ltr'><strong>ut</strong></span> <span class='ocrx_word' id='word_1_395' title='bbox 1405 4313 1473 4370; x_wconf 89' lang='lat' dir='ltr'><strong>noe</strong></span> <span class='ocrx_word' id='word_1_396' title='bbox 1490 4292 1663 4381; x_wconf 87' lang='lat' dir='ltr'><strong>similiter,</strong></span> <span class='ocrx_word' id='word_1_397' title='bbox 1689 4292 1845 4393; x_wconf 85' lang='lat' dir='ltr'><strong>pulsatis</strong></span> <span class='ocrx_word' id='word_1_398' title='bbox 1864 4291 2049 4394; x_wconf 84' lang='lat' dir='ltr'><strong>carupauis</strong></span> <span class='ocrx_word' id='word_1_399' title='bbox 2066 4303 2103 4368; x_wconf 87' lang='lat' dir='ltr'><strong>et</strong></span> 
     </span>
     <span class='ocr_line' id='line_1_38' title="bbox 415 4381 2103 4496; baseline 0.009 -41"><span class='ocrx_word' id='word_1_400' title='bbox 415 4381 580 4461; x_wconf 87' lang='lat' dir='ltr'><strong>candelis</strong></span> <span class='ocrx_word' id='word_1_401' title='bbox 597 4390 780 4481; x_wconf 85' lang='lat' dir='ltr'><strong>accensis,</strong></span> <span class='ocrx_word' id='word_1_402' title='bbox 808 4405 1036 4468; x_wconf 88' lang='lat' dir='ltr'><strong>memoratum</strong></span> <span class='ocrx_word' id='word_1_403' title='bbox 1053 4388 1182 4470; x_wconf 89' lang='lat' dir='ltr'><strong>docem</strong></span> <span class='ocrx_word' id='word_1_404' title='bbox 1200 4394 1543 4470; x_wconf 86' lang='lat' dir='ltr'><strong>excommunicatum</strong></span> <span class='ocrx_word' id='word_1_405' title='bbox 1560 4396 1826 4496; x_wconf 84' lang='lat' dir='ltr'><strong>publicaremur</strong></span> <span class='ocrx_word' id='word_1_406' title='bbox 1844 4407 1884 4472; x_wconf 90' lang='lat' dir='ltr'><strong>et</strong></span> <span class='ocrx_word' id='word_1_407' title='bbox 1900 4407 2031 4474; x_wconf 87' lang='lat' dir='ltr'><strong>terram</strong></span> <span class='ocrx_word' id='word_1_408' title='bbox 2045 4393 2103 4496; x_wconf 90' lang='lat' dir='ltr'><strong>ip-</strong></span> 
     </span>
     <span class='ocr_line' id='line_1_39' title="bbox 413 4481 2103 4600; baseline 0.012 -45"><span class='ocrx_word' id='word_1_409' title='bbox 413 4481 491 4558; x_wconf 87' lang='lat' dir='ltr'><strong>sius</strong></span> <span class='ocrx_word' id='word_1_410' title='bbox 508 4487 586 4566; x_wconf 84' lang='lat' dir='ltr'><strong>lore</strong></span> <span class='ocrx_word' id='word_1_411' title='bbox 603 4489 827 4570; x_wconf 88' lang='lat' dir='ltr'><strong>interdictam</strong></span> <span class='ocrx_word' id='word_1_412' title='bbox 850 4505 888 4568; x_wconf 91' lang='lat' dir='ltr'><strong>et</strong></span> <span class='ocrx_word' id='word_1_413' title='bbox 905 4493 1111 4572; x_wconf 82' lang='lat' dir='ltr'><strong>faceremus</strong></span> <span class='ocrx_word' id='word_1_414' title='bbox 1135 4497 1251 4572; x_wconf 90' lang='lat' dir='ltr'><strong>eciam</strong></span> <span class='ocrx_word' id='word_1_415' title='bbox 1274 4496 1379 4600; x_wconf 85' lang='lat' dir='ltr'><strong>ipsas</strong></span> <span class='ocrx_word' id='word_1_416' title='bbox 1404 4499 1614 4574; x_wconf 87' lang='lat' dir='ltr'><strong>sentencias</strong></span> <span class='ocrx_word' id='word_1_417' title='bbox 1638 4522 1704 4599; x_wconf 90' lang='lat' dir='ltr'><strong>per</strong></span> <span class='ocrx_word' id='word_1_418' title='bbox 1731 4509 1929 4574; x_wconf 62' lang='lat' dir='ltr'><strong>noseorum</strong></span> <span class='ocrx_word' id='word_1_419' title='bbox 1954 4498 2103 4576; x_wconf 70' lang='lat' dir='ltr'><strong>omnim</strong></span> 
     </span>
     <span class='ocr_line' id='line_1_40' title="bbox 413 4584 2102 4704; baseline 0.017 -48"><span class='ocrx_word' id='word_1_420' title='bbox 413 4584 631 4666; x_wconf 88' lang='lat' dir='ltr'><strong>subditorum</strong></span> <span class='ocrx_word' id='word_1_421' title='bbox 648 4594 833 4670; x_wconf 86' lang='lat' dir='ltr'><strong>ecclesias</strong></span> <span class='ocrx_word' id='word_1_422' title='bbox 853 4597 1040 4696; x_wconf 88' lang='lat' dir='ltr'><strong>publicari.</strong></span> <span class='ocrx_word' id='word_1_423' title='bbox 1068 4595 1173 4680; x_wconf 79' lang='lat' dir='ltr'><strong>Qtrod</strong></span> <span class='ocrx_word' id='word_1_424' title='bbox 1191 4623 1258 4674; x_wconf 88' lang='lat' dir='ltr'><strong>nos</strong></span> <span class='ocrx_word' id='word_1_425' title='bbox 1275 4600 1398 4700; x_wconf 87' lang='lat' dir='ltr'><strong>primo,</strong></span> <span class='ocrx_word' id='word_1_426' title='bbox 1425 4598 1523 4701; x_wconf 90' lang='lat' dir='ltr'><strong>apud</strong></span> <span class='ocrx_word' id='word_1_427' title='bbox 1548 4600 1680 4678; x_wconf 84' lang='lat' dir='ltr'><strong>fratres</strong></span> <span class='ocrx_word' id='word_1_428' title='bbox 1697 4599 1971 4695; x_wconf 74' lang='lat' dir='ltr'><strong>predicatores,</strong></span> <span class='ocrx_word' id='word_1_429' title='bbox 1998 4611 2102 4704; x_wconf 80' lang='lat' dir='ltr'><strong>post·</strong></span> 
     </span>
    </p>
   </div>
   <div class='ocr_carea' id='block_1_3' title="bbox 456 4821 1694 5010">
    <p class='ocr_par' dir='ltr' id='par_1_8' title="bbox 456 4821 1694 5010">
     <span class='ocr_line' id='line_1_41' title="bbox 456 4821 1471 4914; baseline 0.019 -33"><span class='ocrx_word' id='word_1_430' title='bbox 456 4821 491 4900; x_wconf 84' lang='lat'><strong>1)</strong></span> <span class='ocrx_word' id='word_1_431' title='bbox 518 4821 601 4886; x_wconf 88' lang='lat' dir='ltr'><strong>Vom</strong></span> <span class='ocrx_word' id='word_1_432' title='bbox 620 4823 734 4914; x_wconf 84' lang='lat' dir='ltr'><strong>Papstc</strong></span> <span class='ocrx_word' id='word_1_433' title='bbox 755 4827 916 4896; x_wconf 82' lang='lat' dir='ltr'><strong>Honorius</strong></span> <span class='ocrx_word' id='word_1_434' title='bbox 937 4831 991 4898; x_wconf 85' lang='lat' dir='ltr'><strong>IV.</strong></span> <span class='ocrx_word' id='word_1_435' title='bbox 1011 4831 1065 4900; x_wconf 73' lang='lat'><strong>28.</strong></span> <span class='ocrx_word' id='word_1_436' title='bbox 1086 4831 1176 4899; x_wconf 67' lang='lat' dir='ltr'><strong>Mira</strong></span> <span class='ocrx_word' id='word_1_437' title='bbox 1199 4829 1300 4914; x_wconf 76' lang='lat' dir='ltr'><strong>laed,</strong></span> <span class='ocrx_word' id='word_1_438' title='bbox 1318 4833 1359 4898; x_wconf 88' lang='grc' dir='ltr'><strong>Ν.</strong></span> <span class='ocrx_word' id='word_1_439' title='bbox 1380 4832 1471 4900; x_wconf 78' lang='lat' dir='ltr'><strong>ocm</strong></span> 
     </span>
     <span class='ocr_line' id='line_1_42' title="bbox 458 4903 1694 5010; baseline 0.006 -28"><span class='ocrx_word' id='word_1_440' title='bbox 458 4907 492 4982; x_wconf 75' lang='lat'><strong>²)</strong></span> <span class='ocrx_word' id='word_1_441' title='bbox 518 4903 656 4988; x_wconf 78' lang='lat' dir='ltr'><strong>Lubin,</strong></span> <span class='ocrx_word' id='word_1_442' title='bbox 676 4909 720 4973; x_wconf 88' lang='lat' dir='ltr'><strong>im</strong></span> <span class='ocrx_word' id='word_1_443' title='bbox 740 4913 876 5004; x_wconf 76' lang='lat' dir='ltr'><strong>ietaigeu</strong></span> <span class='ocrx_word' id='word_1_444' title='bbox 896 4915 1224 5010; x_wconf 76' lang='lat' dir='ltr'><strong>Groeabencgtbume</strong></span> <span class='ocrx_word' id='word_1_445' title='bbox 1246 4917 1348 4985; x_wconf 79' lang='lat' dir='ltr'><strong>l’oeeo</strong></span> <span class='ocrx_word' id='word_1_446' title='bbox 1378 4917 1494 5002; x_wconf 73' lang='lat' dir='ltr'><strong>aufere</strong></span> <span class='ocrx_word' id='word_1_447' title='bbox 1517 4921 1574 4988; x_wconf 86' lang='lat' dir='ltr'><strong>der</strong></span> <span class='ocrx_word' id='word_1_448' title='bbox 1595 4921 1694 4991; x_wconf 74' lang='lat' dir='ltr'><strong>obn.</strong></span> 
     </span>
    </p>
   </div>
   <div class='ocr_carea' id='block_1_4' title="bbox 0 0 2338 5762">
    <p class='ocr_par' dir='ltr' id='par_1_9' title="bbox 0 0 2338 5762">
     <span class='ocr_line' id='line_1_43' title="bbox 0 0 2338 5762; baseline 0 0"><span class='ocrx_word' id='word_1_449' title='bbox 0 0 2338 5762; x_wconf 95' lang='lat' dir='ltr'><strong> </strong></span> 
     </span>
    </p>
   </div>
  </div>
 </body>
</html>
