4622 5772
402 509 481 592 m
850 534 857 575 '-
881 566 887 577 .
925 528 933 559 “·
958 538 964 582 ÷
1021 515 1250 590 memus
1266 531 1276 584 ³.
1290 513 1467 588 mm.

266 735 353 806 ott
500 717 612 842 -ltenr,
636 714 864 841 &³⁰¹⁴
882 717 1185 840 albtquadt
1207 717 1653 841 commiserationem
1676 717 1891 839 propositus
1906 713 2099 896 Τῇ

406 849 439 902 s.
467 821 629 926 Sprntns
654 821 817 898 srmbter
841 846 1024 898 cun-suns
1042 821 1210 903 mutu
1227 833 1463 902 roantnantur·
1473 820 1529 900 ad·
1539 833 1759 898 monasteria
1783 845 1852 896 soa
1876 831 1917 898 ot
2014 819 2099 898 loca

405 937 544 1006 sumat
565 923 617 1002 ad
642 950 767 1002 ontnes
791 925 1073 1027 possessiones,
1099 925 1245 1002 intruis
1270 928 1405 1026 ejectis
1431 925 1479 1003 de
1505 926 1723 1003 mosterio
1748 936 1790 1002 et
1810 923 1995 1026 leoqn'tsh’.

267 1079 353 1152 mo.)
406 1145 456 1248 aa
480 1065 611 1244 litem,
645 1061 741 1164 qood
766 1063 901 1141 fratres
926 1061 1185 1141 Predicatores
1220 1073 1258 1141 et
1283 1061 1345 1140 alii
1375 1063 1537 1165 religiosi
1562 1065 1797 1142 restituantur
1820 1072 1859 1140 et
1882 1033 2096 1140 revocentur

495 1193 565 1247 oca
591 1191 669 1246 sua.

267 1323 296 1392 (t
313 1319 354 1386 t.)
405 1281 442 1487 b*
453 1421 468 1486 t
492 1289 609 1487 depol,
637 1303 732 1428 quod
758 1302 919 1382 dominus
946 1303 1142 1408 episcopus
1159 1305 1448 1386 Lobucensis
1472 1305 1679 1384 restituatur
1695 1305 1799 1382 bonis
1817 1305 1906 1398 suis,
1933 1328 2003 1410 que
2025 1304 2095 1383 lta·

430 1435 452 1488 e
491 1437 528 1488 ιιι
611 1435 724 1488 ezra

271 1561 353 1633 (tt.)
509 1547 610 1640 ltem,
644 1543 740 1648 qood
771 1545 897 1622 intrusi
922 1546 1126 1648 presbyteri
1153 1555 1191 1622 et
1216 1545 1277 1622 alii
1303 1546 1338 1621 in
1366 1546 1552 1624 ecclesias
1581 1545 1832 1649 parrochiales
1859 1543 2032 1622 eiciantur
2057 1555 2096 1621 et

312 1680 316 1688 ·
360 1686 364 1708 =·
406 1653 483 1730 reri
508 1662 678 1756 pastores
703 1675 750 1728 ao
774 1650 937 1750 legittini
963 1661 1188 1738 revocentur.
1330 1679 1334 1689 ·
1992 1647 1997 1662 ¹

260 1801 366 1873 tlte·
509 1789 611 1904 Item,
639 1786 735 1890 quod
760 1785 808 1866 de
835 1785 986 1865 decimis
1011 1789 1193 1892 presentis
1219 1787 1301 1864 anni
1326 1798 1398 1862 tam
1423 1788 1458 1862 in
1477 1787 1614 1889 campis
1640 1777 1742 1888 quani
1758 1784 1945 1862 maldratis
1963 1795 2000 1864 et
2017 1785 2095 1862 fer-

406 1893 548 1975 tonibus
572 1891 815 1996 percipiendis
833 1897 892 1970 ‘ex
916 1890 1055 1992 integro
1082 1905 1121 1970 et
1144 1891 1258 1968 libere
1285 1891 1494 1994 simpliciter
1517 1916 1585 1966 non
1611 1889 1852 1992 impediamur,
1880 1913 1947 1965 nos
1972 1901 2010 1966 et
2027 1913 2094 1965 ca-

406 1998 526 2075 nonici
550 1997 662 2074 nostri
689 2009 725 2073 et
751 2019 875 2072 omnes
901 1995 1064 2096 religiosi
1090 2007 1127 2072 et
1151 2005 1247 2074 totos
1275 1995 1395 2072 cleros
1421 2005 1545 2072 noster
1569 2007 1606 2071 ct
1624 1992 1785 2071 decimas
1810 1991 1955 2070 duorum
1981 2017 2094 2068 anno·
2157 2020 2164 2026 ·

406 2127 481 2180 rum
496 2103 658 2206 proxime
681 2103 925 2202 preteritorum
951 2101 1117 2176 restituat
1140 2101 1244 2176 nobis
1272 2111 1310 2176 et
1334 2100 1416 2175 aliis
1434 2099 1560 2200 quibus
1588 2095 1773 2191 debentur,
1800 2097 2094 2176 satisfaccionem

409 2205 605 2310 plenariam
631 2202 848 2283 exhibendo.
1257 2212 1262 2221 '

165 2421 173 2440 ,
277 2349 359 2423 (te)
512 2343 623 2438 Item,
642 2339 737 2444 quod
762 2341 896 2419 santilie
923 2337 1097 2432 ecclesie,
1125 2351 1160 2414 ut
1187 2338 1286 2418 servi
1313 2347 1350 2416 et
1375 2339 1573 2442 ascripticii
1600 2337 1775 2434 ecclesie,
1802 2307 2001 2442 qoosidem
2019 2331 2095 2412 dux

410 2447 522 2550 ejecit
548 2445 595 2525 de
621 2447 918 2550 possessionibus
944 2442 1107 2522 ecclesie
1134 2454 1172 2520 et
1198 2439 1347 2519 easdem
1382 2444 1641 2546 possessiones
1661 2447 1747 2542 jure
1776 2441 1915 2526 locavit
1941 2441 2095 2519 Theu-

408 2552 560 2676 tuuico
586 2562 800 2729 revfocenttur
817 2562 855 2626 et
870 2549 973 2652 ipsas
990 2547 1264 2652 possessiones,
1290 2547 1423 2650 ejectis
1450 2545 1635 2626 expansis
1659 2547 1886 2650 emptoribus,
1910 2546 1948 2622 in
1971 2543 2095 2650 pristi-

408 2681 489 2732 num
507 2681 573 2756 Jus
597 2679 638 2732 re
655 2679 777 2731 orme.

262 2813 359 2885 (tle)
420 2873 423 2880 ,
512 2799 613 2885 Item,
640 2789 736 2892 quod
761 2801 917 2866 nostram
942 2789 1189 2892 episcopalem
1215 2797 1253 2864 et
1278 2789 1529 2865 canonicorum
1553 2799 1751 2864 nostrornm
1774 2787 1809 2864 in
1837 2798 1958 2866 castro
1971 2785 2095 2862 Wra-

270 2989 273 2996 ,
410 2896 680 2974 tiulauiensi
705 2905 851 2997 reparet
876 2894 996 2973 curias
1023 2919 1113 2994 quas
1139 2890 1337 2969 destruxit(

261 3003 360 3093 (llll
402 3063 405 3070 ,
460 3072 463 3082 ,
513 3001 566 3076 Et
595 3000 758 3100 quoniam
791 2997 912 3079 edituo
950 2995 1000 3075 ad
1037 2997 1148 3075 multa
1185 2995 1280 3082 milia
1310 3019 1505 3072 marcarum
1520 3067 1522 3072 .
1539 2995 1680 3096 argenti
1711 2993 1865 3096 dampna
1897 3004 1934 3079 et
1966 2993 2095 3093 injurie

347 3137 352 3182 τ
409 3103 616 3210 peripsum
641 3098 771 3184 ducem
794 3101 958 3183 ecclesie
984 3101 1086 3178 illata
1111 3125 1155 3178 se
1173 3095 1382 3192 extendunt,
1408 3109 1445 3174 ot
1460 3100 1496 3176 in
1513 3098 1703 3177 innumeris
1722 3111 1759 3176 et
1783 3093 1952 3176 indebitis
1977 3119 2096 3178 exac-

334 3247 337 3252 ·
370 3219 373 3224 '
411 3206 573 3298 sionibus
599 3206 752 3286 extortis
778 3209 824 3285 ab
850 3205 1048 3285 hominibus
1075 3203 1256 3298 ecclesio,
1290 3203 1392 3294 item,
1425 3201 1460 3278 in
1487 3201 1747 3306 precisionibos
1774 3201 1941 3278 silvarum
1969 3199 2095 3282 ecele-

410 3313 562 3414 sieque
596 3313 674 3387 suis
709 3323 746 3388 et
778 3311 912 3388 nostris
945 3309 1161 3410 temporibus
1193 3332 1262 3396 non
1283 3320 1519 3398 recrescunt,
1551 3307 1656 3398 item,
1691 3303 1739 3384 de
1765 3305 1907 3382 infinitis
1932 3305 2096 3406 pecuniis

410 3441 502 3518 quas
528 3413 621 3493 idem
649 3411 725 3490 dux
749 3414 785 3490 in
811 3413 987 3490 territorio
1014 3409 1380 3488 Otmoclrouiensi
1407 3421 1444 3486 et
1468 3409 1663 3489 Nizenai
1694 3409 1839 3511 accepit
1864 3407 1911 3486 de
1930 3403 2095 3508 jndioiis,

411 3544 482 3620 que
506 3529 626 3596 tamen
651 3515 702 3594 ad
726 3541 793 3592 nos
820 3528 858 3593 et
881 3527 1039 3618 nostram
1066 3513 1263 3592 ecclesiam
1285 3515 1530 3616 pertinebant,
1558 3513 1762 3616 superbiis
1788 3509 1951 3615 dampnis
1978 3525 2016 3589 et
2038 3513 2094 3588 in-

405 3621 534 3725 juriis,
560 3619 801 3724 precisionum
824 3619 1011 3714 silvarom,
1039 3618 1273 3696 exaccionum
1299 3616 1535 3694 indebitarum
1559 3631 1597 3696 et
1621 3617 1849 3720 pecuniarum
1875 3615 1923 3694 de
1942 3615 2094 3716 judiciis

411 3729 644 3828 acceptarum
669 3725 706 3800 in
730 3749 798 3800 vos
825 3734 862 3804 ct
887 3721 1028 3822 aliquas
1059 3745 1238 3824 personas
1268 3721 1548 3802 ecclesiasticas
1574 3723 1855 3822 compromittere
1880 3721 1997 3822 parati
2022 3719 2094 3798 eri-

411 3857 508 3924 mus,
542 3827 624 3904 dum
649 3838 766 3904 tamen
793 3839 877 3904 ante
903 3826 1030 3919 omnia,
1058 3838 1266 3919 castrorum,
1293 3825 1492 3918 civitatum,
1517 3823 1680 3902 villarum
1706 3823 1915 3905 stellarum
1940 3847 2095 3925 posses·

411 3937 551 4018 sicum
576 3955 749 4012 censuum
773 3943 811 4010 et
834 3929 1052 4024 ,decimarum
1078 3941 1116 4008 et
1141 3930 1305 4022 aliorum,
1339 3953 1409 4030 qtro
1434 3929 1599 4030 superios
1625 3927 1726 4006 dicta
1751 3941 1849 4020 sunt,
1881 3927 2002 4018 uobis,
2029 3927 2096 4002 toti

328 4107 334 4114 .
413 4039 524 4138 clero.
538 4049 661 4116 nostro
679 4049 716 4116 et
733 4036 897 4114 ecclesio
922 4035 1038 4112 libera
1063 4047 1108 4111 et.
1126 4033 1294 4112 absoluta
1318 4031 1505 4112 restitucio
1530 4033 1638 4136 plene
1664 4033 1737 4124 fiot,
1765 4031 1848 4132 quia
1865 4055 1975 4132 super
1996 4031 2093 4122 istis,

413 4143 461 4224 de
487 4143 614 4246 ponus
638 4141 737 4218 nulla
761 4165 911 4242 unquam
937 4137 1119 4216 dubitacio
1144 4137 1211 4214 suit
1236 4137 1316 4238 quin
1343 4137 1414 4214 sint
1438 4148 1478 4214 et
1497 4137 1627 4214 furerint
1644 4137 1806 4214 ecclesie
1824 4147 1946 4214 nostre
1963 4160 1988 4210 a
2002 4146 2095 4212 tent-

412 4275 500 4352 pore
519 4247 735 4350 cujusnulla
758 4257 880 4348 potest
905 4244 1032 4322 haberi
1056 4242 1235 4331 memoria,
1263 4241 1545 4344 compromittere
1571 4265 1640 4316 non
1666 4265 1857 4340 possumus
1883 4263 1952 4318 nec
1978 4236 2094 4318 debe-
2121 4282 2127 4291 ·

413 4379 509 4446 mets,
543 4364 581 4432 et
606 4351 639 4430 si
666 4351 955 4452 compromissum
985 4371 1096 4448 super
1120 4345 1190 4422 hiis
1214 4347 1319 4426 fieret
1342 4370 1411 4422 non
1437 4357 1595 4432 teneret3
1626 4341 1770 4418 mbitrio
1796 4353 1914 4420 tamen
1939 4341 2094 4444 promul-

414 4470 500 4558 gato
525 4483 592 4560 per
616 4454 857 4532 venerabilem
883 4463 1019 4554 patrem
1046 4448 1139 4529 dom.
1172 4449 1430 4552 Philippum
1461 4447 1709 4532 Firmanum
1742 4445 1952 4548 episcopum
1981 4469 2095 4547 quon·

339 4645 343 4652 ,
415 4559 498 4637 darn
529 4560 732 4664 apostolice
762 4555 866 4634 sedis
898 4556 1058 4656 legatum
1083 4553 1127 4629 ⁴in
1153 4577 1219 4634 suo
1246 4555 1374 4630 robore
1405 4565 1645 4653 permanente.
1697 4547 1752 4626 Et
1776 4547 1847 4628 hcc
1874 4549 1991 4629 omnia
2015 4575 2095 4628 curn

416 4664 565 4766 expleta
588 4663 733 4755 fuerint,
760 4673 798 4736 ut
824 4660 929 4736 robor
952 4669 1160 4760 perpetuum
1186 4657 1384 4746 obtineant,
1412 4652 1593 4730 debebunt
1616 4675 1682 4752 per
1706 4650 1833 4730 sedem
1858 4653 2095 4755 apostolicam

417 4767 625 4844 confirmari.
676 4767 828 4842 Domine
854 4761 948 4838 deus
980 4763 1131 4864 inspiret
1162 4759 1262 4838 cordi
1293 4769 1438 4846 vestro,
1471 4766 1508 4831 ut
1534 4755 1721 4855 negocium
1748 4757 1910 4835 ecclesie
1935 4781 2095 4859 perros

417 4879 557 4972 ceptum
582 4867 633 4947 ad
657 4896 737 4948 eum
762 4870 928 4948 ellectum
953 4867 1150 4968 perveniat,
1178 4875 1216 4938 ut
1240 4872 1366 4938 vestra
1390 4857 1564 4936 sollercia
1587 4857 1699 4960 digno
1729 4860 1778 4936 sit
1803 4871 1841 4937 et
1864 4859 1962 4963 apud
1978 4861 2094 4938 nom-

416 4998 484 5054 nes
515 4972 685 5052 honorem
719 4984 756 5052 et
788 4969 884 5076 apud
910 4968 1017 5048 deun
1046 4967 1318 5048 rotmbucienm
1350 4963 1572 5066 seguciu
1603 4975 1789 5066 repertore
1813 4976 1854 5042 et
1875 4977 2094 5067 vospamo-
