<?xml version="1.0" encoding="UTF-8"?>
<!DOCTYPE html PUBLIC "-//W3C//DTD XHTML 1.0 Transitional//EN"
    "http://www.w3.org/TR/xhtml1/DTD/xhtml1-transitional.dtd">
<html xmlns="http://www.w3.org/1999/xhtml" xml:lang="en" lang="en">
 <head>
  <title>
</title>
<meta http-equiv="Content-Type" content="text/html;charset=utf-8" />
  <meta name='ocr-system' content='tesseract 3.04.00' />
  <meta name='ocr-capabilities' content='ocr_page ocr_carea ocr_par ocr_line ocrx_word'/>
</head>
<body>
  <div class='ocr_page' id='page_1' title='image "./urkundenzurgesc00stengoog_0286.png"; bbox 0 0 4660 5762; ppageno 0'>
   <div class='ocr_carea' id='block_1_1' title="bbox 0 5022 2 5730">
    <p class='ocr_par' dir='ltr' id='par_1_1' title="bbox 0 5022 2 5730">
     <span class='ocr_line' id='line_1_1' title="bbox 0 5022 2 5730; baseline 0 0"><span class='ocrx_word' id='word_1_1' title='bbox 0 5022 2 5730; x_wconf 95' lang='lat' dir='ltr'><strong> </strong></span> 
     </span>
    </p>
   </div>
   <div class='ocr_carea' id='block_1_2' title="bbox 618 499 1944 608">
    <p class='ocr_par' dir='ltr' id='par_1_2' title="bbox 618 499 1944 608">
     <span class='ocr_line' id='line_1_2' title="bbox 618 499 1944 608; baseline 0.002 -4"><span class='ocrx_word' id='word_1_2' title='bbox 618 499 831 604; x_wconf 64' lang='grc' dir='ltr'>ιιιιιιιιιιιιι</span> <span class='ocrx_word' id='word_1_3' title='bbox 876 526 1072 602; x_wconf 61' lang='lat' dir='ltr'><strong>’coxam</strong></span> <span class='ocrx_word' id='word_1_4' title='bbox 1099 525 1312 600; x_wconf 67' lang='lat' dir='ltr'><strong>emor.</strong></span> <span class='ocrx_word' id='word_1_5' title='bbox 1347 525 1581 602; x_wconf 78' lang='lat' dir='ltr'><strong>cumn.</strong></span> <span class='ocrx_word' id='word_1_6' title='bbox 1868 527 1944 608; x_wconf 79' lang='lat' dir='ltr'><strong>stt</strong></span> 
     </span>
    </p>
   </div>
   <div class='ocr_carea' id='block_1_3' title="bbox 248 727 2044 1353">
    <p class='ocr_par' dir='ltr' id='par_1_3' title="bbox 248 727 2044 939">
     <span class='ocr_line' id='line_1_3' title="bbox 349 727 2044 834; baseline 0.005 -26"><span class='ocrx_word' id='word_1_7' title='bbox 349 731 457 825; x_wconf 70' lang='lat' dir='ltr'><strong>itm,</strong></span> <span class='ocrx_word' id='word_1_8' title='bbox 487 731 642 834; x_wconf 63' lang='grc' dir='ltr'><strong>μείω</strong></span> <span class='ocrx_word' id='word_1_9' title='bbox 660 743 699 808; x_wconf 88' lang='lat' dir='ltr'><strong>ut</strong></span> <span class='ocrx_word' id='word_1_10' title='bbox 721 730 927 834; x_wconf 67' lang='lat' dir='ltr'><strong>preshyteri</strong></span> <span class='ocrx_word' id='word_1_11' title='bbox 950 739 990 807; x_wconf 83' lang='lat' dir='ltr'><strong>et</strong></span> <span class='ocrx_word' id='word_1_12' title='bbox 1012 729 1139 808; x_wconf 80' lang='lat' dir='ltr'><strong>clerici</strong></span> <span class='ocrx_word' id='word_1_13' title='bbox 1154 729 1281 806; x_wconf 75' lang='lat' dir='ltr'><strong>intrusi</strong></span> <span class='ocrx_word' id='word_1_14' title='bbox 1305 727 1354 806; x_wconf 87' lang='lat' dir='ltr'><strong>de</strong></span> <span class='ocrx_word' id='word_1_15' title='bbox 1371 729 1545 807; x_wconf 72' lang='lat' dir='ltr'><strong>ecclesis</strong></span> <span class='ocrx_word' id='word_1_16' title='bbox 1562 733 1790 834; x_wconf 78' lang='lat' dir='ltr'><strong>expellantur</strong></span> <span class='ocrx_word' id='word_1_17' title='bbox 1810 743 1852 812; x_wconf 85' lang='lat' dir='ltr'><strong>et</strong></span> <span class='ocrx_word' id='word_1_18' title='bbox 1866 735 1946 817; x_wconf 78' lang='lat' dir='ltr'><strong>rati</strong></span> <span class='ocrx_word' id='word_1_19' title='bbox 1961 752 1991 822; x_wconf 76' lang='lat' dir='ltr'><strong>tt</strong></span> <span class='ocrx_word' id='word_1_20' title='bbox 2004 750 2044 816; x_wconf 81' lang='lat' dir='ltr'><strong>a)</strong></span> 
     </span>
     <span class='ocr_line' id='line_1_4' title="bbox 248 833 1114 939; baseline -0.01 -24"><span class='ocrx_word' id='word_1_21' title='bbox 248 845 420 939; x_wconf 67' lang='lat' dir='ltr'><strong>pastores</strong></span> <span class='ocrx_word' id='word_1_22' title='bbox 437 833 487 912; x_wconf 80' lang='lat' dir='ltr'><strong>ad</strong></span> <span class='ocrx_word' id='word_1_23' title='bbox 503 833 691 914; x_wconf 75' lang='lat' dir='ltr'><strong>ecelesias</strong></span> <span class='ocrx_word' id='word_1_24' title='bbox 706 833 874 936; x_wconf 84' lang='lat' dir='ltr'><strong>propn&#39;as</strong></span> <span class='ocrx_word' id='word_1_25' title='bbox 890 845 1114 912; x_wconf 77' lang='lat' dir='ltr'><strong>revocantum.</strong></span> 
     </span>
    </p>

    <p class='ocr_par' dir='ltr' id='par_1_4' title="bbox 251 935 2044 1353">
     <span class='ocr_line' id='line_1_5' title="bbox 353 935 2044 1032; baseline 0.004 -18"><span class='ocrx_word' id='word_1_26' title='bbox 353 937 463 1032; x_wconf 76' lang='lat' dir='ltr'><strong>lton,</strong></span> <span class='ocrx_word' id='word_1_27' title='bbox 491 953 529 1014; x_wconf 87' lang='lat' dir='ltr'><strong>ut</strong></span> <span class='ocrx_word' id='word_1_28' title='bbox 544 939 610 1016; x_wconf 78' lang='lat' dir='ltr'><strong>tint</strong></span> <span class='ocrx_word' id='word_1_29' title='bbox 623 939 792 1016; x_wconf 80' lang='lat' dir='ltr'><strong>iuhiticio</strong></span> <span class='ocrx_word' id='word_1_30' title='bbox 808 937 1035 1032; x_wconf 83' lang='lat' dir='ltr'><strong>vendicionis</strong></span> <span class='ocrx_word' id='word_1_31' title='bbox 1049 937 1214 1012; x_wconf 81' lang='lat' dir='ltr'><strong>villarum</strong></span> <span class='ocrx_word' id='word_1_32' title='bbox 1228 941 1447 1028; x_wconf 68' lang='grc' dir='ltr'>ιιοειιοιιιιιι,</span> <span class='ocrx_word' id='word_1_33' title='bbox 1475 935 1724 1014; x_wconf 65' lang='lat' dir='ltr'><strong>cananeum</strong></span> <span class='ocrx_word' id='word_1_34' title='bbox 1737 950 1779 1016; x_wconf 88' lang='lat' dir='ltr'><strong>et</strong></span> <span class='ocrx_word' id='word_1_35' title='bbox 1795 940 1944 1022; x_wconf 73' lang='lat' dir='ltr'><strong>onoma</strong></span> <span class='ocrx_word' id='word_1_36' title='bbox 1962 958 1990 1028; x_wconf 79' lang='lat' dir='ltr'><strong>(t</strong></span> <span class='ocrx_word' id='word_1_37' title='bbox 2004 959 2044 1021; x_wconf 84' lang='grc' dir='ltr'><strong>ι.)</strong></span> 
     </span>
     <span class='ocr_line' id='line_1_6' title="bbox 253 1036 1944 1142; baseline -0.001 -22"><span class='ocrx_word' id='word_1_38' title='bbox 253 1043 513 1142; x_wconf 83' lang='lat' dir='ltr'><strong>religiosorum,</strong></span> <span class='ocrx_word' id='word_1_39' title='bbox 542 1055 580 1119; x_wconf 90' lang='lat' dir='ltr'><strong>et</strong></span> <span class='ocrx_word' id='word_1_40' title='bbox 602 1044 686 1118; x_wconf 86' lang='lat' dir='ltr'><strong>istis</strong></span> <span class='ocrx_word' id='word_1_41' title='bbox 703 1043 760 1118; x_wconf 87' lang='lat' dir='ltr'><strong>sic</strong></span> <span class='ocrx_word' id='word_1_42' title='bbox 777 1042 906 1132; x_wconf 84' lang='lat' dir='ltr'><strong>factis,</strong></span> <span class='ocrx_word' id='word_1_43' title='bbox 935 1067 1014 1118; x_wconf 91' lang='lat' dir='ltr'><strong>eum</strong></span> <span class='ocrx_word' id='word_1_44' title='bbox 1032 1039 1226 1140; x_wconf 84' lang='lat' dir='ltr'><strong>sintpacis</strong></span> <span class='ocrx_word' id='word_1_45' title='bbox 1242 1036 1438 1131; x_wconf 75' lang='lat' dir='ltr'><strong>inductiva,</strong></span> <span class='ocrx_word' id='word_1_46' title='bbox 1465 1039 1589 1140; x_wconf 85' lang='lat' dir='ltr'><strong>placet</strong></span> <span class='ocrx_word' id='word_1_47' title='bbox 1605 1041 1720 1132; x_wconf 86' lang='lat' dir='ltr'><strong>nobis,</strong></span> <span class='ocrx_word' id='word_1_48' title='bbox 1746 1055 1784 1118; x_wconf 93' lang='lat' dir='ltr'><strong>ut</strong></span> <span class='ocrx_word' id='word_1_49' title='bbox 1800 1041 1850 1120; x_wconf 85' lang='lat' dir='ltr'><strong>ud</strong></span> <span class='ocrx_word' id='word_1_50' title='bbox 1867 1055 1944 1123; x_wconf 66' lang='lat' dir='ltr'><strong>tra</strong></span> 
     </span>
     <span class='ocr_line' id='line_1_7' title="bbox 251 1141 1943 1251; baseline -0.008 -27"><span class='ocrx_word' id='word_1_51' title='bbox 251 1145 422 1224; x_wconf 65' lang='lat' dir='ltr'><strong>mudum</strong></span> <span class='ocrx_word' id='word_1_52' title='bbox 438 1145 486 1223; x_wconf 88' lang='lat' dir='ltr'><strong>de</strong></span> <span class='ocrx_word' id='word_1_53' title='bbox 502 1171 600 1248; x_wconf 81' lang='lat' dir='ltr'><strong>paco</strong></span> <span class='ocrx_word' id='word_1_54' title='bbox 615 1156 655 1224; x_wconf 88' lang='lat' dir='ltr'><strong>et</strong></span> <span class='ocrx_word' id='word_1_55' title='bbox 672 1141 869 1222; x_wconf 85' lang='lat' dir='ltr'><strong>concordio</strong></span> <span class='ocrx_word' id='word_1_56' title='bbox 884 1145 983 1220; x_wconf 82' lang='lat' dir='ltr'><strong>finali</strong></span> <span class='ocrx_word' id='word_1_57' title='bbox 1000 1141 1162 1220; x_wconf 85' lang='lat' dir='ltr'><strong>dominus</strong></span> <span class='ocrx_word' id='word_1_58' title='bbox 1180 1143 1482 1246; x_wconf 72' lang='lat' dir='ltr'><strong>arehiepiscopm</strong></span> <span class='ocrx_word' id='word_1_59' title='bbox 1505 1166 1587 1220; x_wconf 84' lang='lat' dir='ltr'><strong>cum</strong></span> <span class='ocrx_word' id='word_1_60' title='bbox 1604 1143 1722 1242; x_wconf 82' lang='lat' dir='ltr'><strong>aliquo</strong></span> <span class='ocrx_word' id='word_1_61' title='bbox 1748 1147 1943 1251; x_wconf 76' lang='lat' dir='ltr'><strong>episcopo.</strong></span> 
     </span>
     <span class='ocr_line' id='line_1_8' title="bbox 251 1247 1251 1353; baseline -0.005 -26"><span class='ocrx_word' id='word_1_62' title='bbox 251 1273 328 1327; x_wconf 75' lang='lat' dir='ltr'><strong>rum</strong></span> <span class='ocrx_word' id='word_1_63' title='bbox 344 1262 383 1328; x_wconf 90' lang='lat' dir='ltr'><strong>et</strong></span> <span class='ocrx_word' id='word_1_64' title='bbox 397 1273 556 1353; x_wconf 81' lang='lat' dir='ltr'><strong>persone</strong></span> <span class='ocrx_word' id='word_1_65' title='bbox 572 1249 623 1327; x_wconf 78' lang='lat' dir='ltr'><strong>ad</strong></span> <span class='ocrx_word' id='word_1_66' title='bbox 639 1251 712 1327; x_wconf 86' lang='lat' dir='ltr'><strong>hoo</strong></span> <span class='ocrx_word' id='word_1_67' title='bbox 728 1250 918 1350; x_wconf 76' lang='lat' dir='ltr'><strong>nagaciun</strong></span> <span class='ocrx_word' id='word_1_68' title='bbox 936 1248 1043 1325; x_wconf 87' lang='lat' dir='ltr'><strong>utiles</strong></span> <span class='ocrx_word' id='word_1_69' title='bbox 1060 1247 1251 1347; x_wconf 69' lang='lat' dir='ltr'><strong>eliguntur.</strong></span> 
     </span>
    </p>
   </div>
   <div class='ocr_carea' id='block_1_4' title="bbox 162 1653 2153 3306">
    <p class='ocr_par' dir='ltr' id='par_1_5' title="bbox 250 1653 2153 2070">
     <span class='ocr_line' id='line_1_9' title="bbox 355 1653 2153 1840; baseline -0.003 -104"><span class='ocrx_word' id='word_1_70' title='bbox 355 1657 657 1840; x_wconf 67' lang='lat' dir='ltr'><strong>(independenter</strong></span> <span class='ocrx_word' id='word_1_71' title='bbox 683 1683 751 1736; x_wconf 87' lang='lat' dir='ltr'><strong>sen</strong></span> <span class='ocrx_word' id='word_1_72' title='bbox 776 1656 927 1735; x_wconf 77' lang='lat' dir='ltr'><strong>durante</strong></span> <span class='ocrx_word' id='word_1_73' title='bbox 951 1657 1167 1750; x_wconf 71' lang='lat' dir='ltr'><strong>seeufitate,</strong></span> <span class='ocrx_word' id='word_1_74' title='bbox 1194 1681 1298 1757; x_wconf 82' lang='lat' dir='ltr'><strong>quam</strong></span> <span class='ocrx_word' id='word_1_75' title='bbox 1323 1653 1443 1749; x_wconf 82' lang='lat' dir='ltr'><strong>dedit,</strong></span> <span class='ocrx_word' id='word_1_76' title='bbox 1470 1656 1587 1734; x_wconf 81' lang='lat' dir='ltr'><strong>eciam</strong></span> <span class='ocrx_word' id='word_1_77' title='bbox 1611 1681 1680 1736; x_wconf 88' lang='lat' dir='ltr'><strong>noa</strong></span> <span class='ocrx_word' id='word_1_78' title='bbox 1697 1665 1866 1756; x_wconf 82' lang='lat' dir='ltr'><strong>rogatus,</strong></span> <span class='ocrx_word' id='word_1_79' title='bbox 1892 1658 1943 1734; x_wconf 84' lang='lat' dir='ltr'><strong>itt.</strong></span> <span class='ocrx_word' id='word_1_80' title='bbox 1962 1679 2103 1732; x_wconf 74' lang='lat' dir='ltr'><strong>cmvi.</strong></span> <span class='ocrx_word' id='word_1_81' title='bbox 2148 1691 2153 1699; x_wconf 93' lang='lat'>·</span> 
     </span>
     <span class='ocr_line' id='line_1_10' title="bbox 253 1758 2078 1868; baseline -0.006 -27"><span class='ocrx_word' id='word_1_82' title='bbox 253 1766 330 1868; x_wconf 88' lang='lat' dir='ltr'><strong>prin</strong></span> <span class='ocrx_word' id='word_1_83' title='bbox 425 1819 436 1856; x_wconf 89' lang='lat'><strong>,</strong></span> <span class='ocrx_word' id='word_1_84' title='bbox 489 1787 556 1840; x_wconf 86' lang='lat' dir='ltr'><strong>om.</strong></span> <span class='ocrx_word' id='word_1_85' title='bbox 575 1760 895 1850; x_wconf 77' lang='lat' dir='ltr'><strong>Henrieusdnx</strong></span> <span class='ocrx_word' id='word_1_86' title='bbox 912 1760 1076 1840; x_wconf 84' lang='lat' dir='ltr'><strong>Sleaie</strong></span> <span class='ocrx_word' id='word_1_87' title='bbox 1094 1773 1132 1838; x_wconf 91' lang='lat' dir='ltr'><strong>et</strong></span> <span class='ocrx_word' id='word_1_88' title='bbox 1149 1758 1392 1838; x_wconf 67' lang='lat' dir='ltr'><strong>douawrat,</strong></span> <span class='ocrx_word' id='word_1_89' title='bbox 1409 1761 1543 1836; x_wconf 85' lang='lat' dir='ltr'><strong>nostris</strong></span> <span class='ocrx_word' id='word_1_90' title='bbox 1561 1761 1701 1836; x_wconf 83' lang='lat' dir='ltr'><strong>nunciis</strong></span> <span class='ocrx_word' id='word_1_91' title='bbox 1726 1760 1944 1860; x_wconf 81' lang='lat' dir='ltr'><strong>quibuscun-</strong></span> <span class='ocrx_word' id='word_1_92' title='bbox 2001 1759 2078 1830; x_wconf 70' lang='lat'><strong>¹2⁸⁵,</strong></span> 
     </span>
     <span class='ocr_line' id='line_1_11' title="bbox 250 1833 2093 1968; baseline -0.003 -23"><span class='ocrx_word' id='word_1_93' title='bbox 250 1893 324 1968; x_wconf 72' lang='lat' dir='ltr'><strong>epte</strong></span> <span class='ocrx_word' id='word_1_94' title='bbox 406 1893 452 1944; x_wconf 83' lang='lat' dir='ltr'><strong>se</strong></span> <span class='ocrx_word' id='word_1_95' title='bbox 470 1865 590 1960; x_wconf 78' lang='lat' dir='ltr'><strong>eundi,</strong></span> <span class='ocrx_word' id='word_1_96' title='bbox 617 1865 739 1944; x_wconf 79' lang='lat' dir='ltr'><strong>standi</strong></span> <span class='ocrx_word' id='word_1_97' title='bbox 755 1877 795 1942; x_wconf 91' lang='lat' dir='ltr'><strong>et</strong></span> <span class='ocrx_word' id='word_1_98' title='bbox 811 1863 999 1958; x_wconf 77' lang='lat' dir='ltr'><strong>redeundi,</strong></span> <span class='ocrx_word' id='word_1_99' title='bbox 1026 1864 1170 1966; x_wconf 81' lang='lat' dir='ltr'><strong>quidam</strong></span> <span class='ocrx_word' id='word_1_100' title='bbox 1186 1865 1294 1964; x_wconf 89' lang='lat' dir='ltr'><strong>iniqui</strong></span> <span class='ocrx_word' id='word_1_101' title='bbox 1310 1864 1491 1956; x_wconf 85' lang='lat' dir='ltr'><strong>homines,</strong></span> <span class='ocrx_word' id='word_1_102' title='bbox 1517 1863 1663 1962; x_wconf 78' lang='lat' dir='ltr'><strong>maligui</strong></span> <span class='ocrx_word' id='word_1_103' title='bbox 1680 1863 1827 1964; x_wconf 87' lang='lat' dir='ltr'><strong>spiritus</strong></span> <span class='ocrx_word' id='word_1_104' title='bbox 1853 1888 1944 1941; x_wconf 70' lang='lat' dir='ltr'><strong>con-</strong></span> <span class='ocrx_word' id='word_1_105' title='bbox 1979 1833 2093 1894; x_wconf 48' lang='lat'><strong>*⁰⁸⁸⁸*</strong></span> 
     </span>
     <span class='ocr_line' id='line_1_12' title="bbox 251 1966 1944 2070; baseline -0.003 -20"><span class='ocrx_word' id='word_1_106' title='bbox 251 1971 335 2050; x_wconf 79' lang='lat' dir='ltr'><strong>silio</strong></span> <span class='ocrx_word' id='word_1_107' title='bbox 352 1972 572 2063; x_wconf 82' lang='lat' dir='ltr'><strong>inflammati,</strong></span> <span class='ocrx_word' id='word_1_108' title='bbox 599 1971 733 2046; x_wconf 83' lang='lat' dir='ltr'><strong>nostris</strong></span> <span class='ocrx_word' id='word_1_109' title='bbox 749 1971 890 2046; x_wconf 71' lang='grc' dir='ltr'>ιιπιιιιὶίε</span> <span class='ocrx_word' id='word_1_110' title='bbox 907 1970 1054 2070; x_wconf 80' lang='lat' dir='ltr'><strong>abipso</strong></span> <span class='ocrx_word' id='word_1_111' title='bbox 1071 1967 1184 2062; x_wconf 87' lang='lat' dir='ltr'><strong>duce,</strong></span> <span class='ocrx_word' id='word_1_112' title='bbox 1211 1989 1302 2068; x_wconf 87' lang='lat' dir='ltr'><strong>qnos</strong></span> <span class='ocrx_word' id='word_1_113' title='bbox 1320 1966 1369 2044; x_wconf 85' lang='lat' dir='ltr'><strong>ad</strong></span> <span class='ocrx_word' id='word_1_114' title='bbox 1385 1968 1502 2068; x_wconf 81' lang='lat' dir='ltr'><strong>ipsum</strong></span> <span class='ocrx_word' id='word_1_115' title='bbox 1518 1967 1728 2047; x_wconf 70' lang='lat' dir='ltr'>miseramus</span> <span class='ocrx_word' id='word_1_116' title='bbox 1827 1967 1944 2045; x_wconf 83' lang='lat' dir='ltr'><strong>resor-</strong></span> 
     </span>
    </p>

    <p class='ocr_par' dir='ltr' id='par_1_6' title="bbox 162 2068 2019 3306">
     <span class='ocr_line' id='line_1_13' title="bbox 162 2068 1943 2176; baseline -0.001 -28"><span class='ocrx_word' id='word_1_117' title='bbox 162 2137 168 2148; x_wconf 95' lang='lat'><em>.</em></span> <span class='ocrx_word' id='word_1_118' title='bbox 252 2075 417 2153; x_wconf 74' lang='lat' dir='ltr'><strong>nacione</strong></span> <span class='ocrx_word' id='word_1_119' title='bbox 438 2076 545 2176; x_wconf 90' lang='lat' dir='ltr'><strong>pacis</strong></span> <span class='ocrx_word' id='word_1_120' title='bbox 570 2074 734 2152; x_wconf 86' lang='lat' dir='ltr'><strong>ecclesie</strong></span> <span class='ocrx_word' id='word_1_121' title='bbox 757 2083 880 2150; x_wconf 69' lang='lat' dir='ltr'><strong>nosne</strong></span> <span class='ocrx_word' id='word_1_122' title='bbox 903 2071 1090 2166; x_wconf 81' lang='lat' dir='ltr'><strong>habenda,</strong></span> <span class='ocrx_word' id='word_1_123' title='bbox 1115 2071 1366 2165; x_wconf 76' lang='lat' dir='ltr'><strong>redeuntibus,</strong></span> <span class='ocrx_word' id='word_1_124' title='bbox 1392 2068 1535 2146; x_wconf 81' lang='lat' dir='ltr'><strong>insidiis</strong></span> <span class='ocrx_word' id='word_1_125' title='bbox 1553 2071 1704 2172; x_wconf 84' lang='lat' dir='ltr'><strong>positis,</strong></span> <span class='ocrx_word' id='word_1_126' title='bbox 1758 2095 1825 2146; x_wconf 89' lang='lat' dir='ltr'><strong>om.</strong></span> <span class='ocrx_word' id='word_1_127' title='bbox 1849 2072 1943 2148; x_wconf 83' lang='lat' dir='ltr'><strong>He-</strong></span> 
     </span>
     <span class='ocr_line' id='line_1_14' title="bbox 251 2173 1943 2282; baseline -0.001 -28"><span class='ocrx_word' id='word_1_128' title='bbox 251 2177 367 2282; x_wconf 82' lang='lat' dir='ltr'><strong>iyam</strong></span> <span class='ocrx_word' id='word_1_129' title='bbox 391 2180 658 2280; x_wconf 75' lang='lat' dir='ltr'><strong>presbyteratu,</strong></span> <span class='ocrx_word' id='word_1_130' title='bbox 684 2177 894 2254; x_wconf 76' lang='lat' dir='ltr'><strong>canoniorum</strong></span> <span class='ocrx_word' id='word_1_131' title='bbox 919 2177 1083 2269; x_wconf 86' lang='lat' dir='ltr'><strong>Wrat.‚</strong></span> <span class='ocrx_word' id='word_1_132' title='bbox 1117 2177 1176 2276; x_wconf 88' lang='lat' dir='ltr'><strong>qui</strong></span> <span class='ocrx_word' id='word_1_133' title='bbox 1198 2181 1290 2250; x_wconf 79' lang='lat' dir='ltr'><strong>omns</strong></span> <span class='ocrx_word' id='word_1_134' title='bbox 1314 2199 1365 2252; x_wconf 85' lang='lat' dir='ltr'><strong>ex</strong></span> <span class='ocrx_word' id='word_1_135' title='bbox 1389 2175 1530 2252; x_wconf 83' lang='lat' dir='ltr'><strong>nunciis</strong></span> <span class='ocrx_word' id='word_1_136' title='bbox 1544 2173 1664 2251; x_wconf 81' lang='lat' dir='ltr'><strong>suerat</strong></span> <span class='ocrx_word' id='word_1_137' title='bbox 1679 2199 1730 2248; x_wconf 72' lang='lat' dir='ltr'><strong>&#39;su</strong></span> <span class='ocrx_word' id='word_1_138' title='bbox 1756 2198 1797 2250; x_wconf 92' lang='lat' dir='ltr'><strong>er</strong></span> <span class='ocrx_word' id='word_1_139' title='bbox 1815 2173 1943 2252; x_wconf 76' lang='lat' dir='ltr'><strong>eaden</strong></span> 
     </span>
     <span class='ocr_line' id='line_1_15' title="bbox 251 2275 1944 2391; baseline -0.002 -32"><span class='ocrx_word' id='word_1_140' title='bbox 251 2282 512 2360; x_wconf 80' lang='lat' dir='ltr'><strong>reformacioue</strong></span> <span class='ocrx_word' id='word_1_141' title='bbox 555 2282 653 2373; x_wconf 85' lang='lat' dir='ltr'><strong>aeis,</strong></span> <span class='ocrx_word' id='word_1_142' title='bbox 671 2281 790 2391; x_wconf 63' lang='lat' dir='ltr'><strong>napis</strong></span> <span class='ocrx_word' id='word_1_143' title='bbox 808 2281 877 2356; x_wconf 84' lang='lat' dir='ltr'><strong>sibi</strong></span> <span class='ocrx_word' id='word_1_144' title='bbox 893 2280 1015 2381; x_wconf 72' lang='lat' dir='ltr'><strong>plagis</strong></span> <span class='ocrx_word' id='word_1_145' title='bbox 1031 2280 1208 2382; x_wconf 83' lang='lat' dir='ltr'><strong>impositis</strong></span> <span class='ocrx_word' id='word_1_146' title='bbox 1226 2279 1453 2356; x_wconf 70' lang='lat' dir='ltr'><strong>anocissime</strong></span> <span class='ocrx_word' id='word_1_147' title='bbox 1469 2275 1696 2368; x_wconf 78' lang='lat' dir='ltr'><strong>oeciderunt,</strong></span> <span class='ocrx_word' id='word_1_148' title='bbox 1742 2302 1809 2352; x_wconf 90' lang='lat' dir='ltr'><strong>om.</strong></span> <span class='ocrx_word' id='word_1_149' title='bbox 1827 2279 1944 2356; x_wconf 74' lang='lat' dir='ltr'><strong>eciam</strong></span> 
     </span>
     <span class='ocr_line' id='line_1_16' title="bbox 251 2309 1942 2486; baseline -0.004 -24"><span class='ocrx_word' id='word_1_150' title='bbox 251 2386 493 2463; x_wconf 80' lang='lat' dir='ltr'><strong>lienricum</strong></span> <span class='ocrx_word' id='word_1_151' title='bbox 509 2309 739 2486; x_wconf 64' lang='lat' dir='ltr'><strong>dymnum,</strong></span> <span class='ocrx_word' id='word_1_152' title='bbox 773 2384 998 2486; x_wconf 76' lang='lat' dir='ltr'><strong>capellanum</strong></span> <span class='ocrx_word' id='word_1_153' title='bbox 1023 2395 1179 2460; x_wconf 70' lang='lat' dir='ltr'><strong>nuscum</strong></span> <span class='ocrx_word' id='word_1_154' title='bbox 1204 2394 1244 2460; x_wconf 86' lang='lat' dir='ltr'><strong>et</strong></span> <span class='ocrx_word' id='word_1_155' title='bbox 1260 2393 1436 2459; x_wconf 86' lang='lat' dir='ltr'><strong>rectorem</strong></span> <span class='ocrx_word' id='word_1_156' title='bbox 1466 2381 1631 2458; x_wconf 75' lang='lat' dir='ltr'><strong>ecclesie</strong></span> <span class='ocrx_word' id='word_1_157' title='bbox 1656 2378 1705 2457; x_wconf 92' lang='lat' dir='ltr'><strong>de</strong></span> <span class='ocrx_word' id='word_1_158' title='bbox 1721 2379 1942 2473; x_wconf 63' lang='lat' dir='ltr'><strong>wicum),</strong></span> 
     </span>
     <span class='ocr_line' id='line_1_17' title="bbox 251 2484 1943 2592; baseline -0.004 -28"><span class='ocrx_word' id='word_1_159' title='bbox 251 2487 315 2567; x_wconf 89' lang='lat' dir='ltr'><strong>dei</strong></span> <span class='ocrx_word' id='word_1_160' title='bbox 337 2489 462 2566; x_wconf 79' lang='lat' dir='ltr'><strong>tinore</strong></span> <span class='ocrx_word' id='word_1_161' title='bbox 486 2487 688 2592; x_wconf 87' lang='lat' dir='ltr'><strong>postposito</strong></span> <span class='ocrx_word' id='word_1_162' title='bbox 711 2512 782 2564; x_wconf 90' lang='lat' dir='ltr'><strong>non</strong></span> <span class='ocrx_word' id='word_1_163' title='bbox 804 2498 890 2562; x_wconf 83' lang='lat' dir='ltr'><strong>sunt</strong></span> <span class='ocrx_word' id='word_1_164' title='bbox 911 2487 1017 2564; x_wconf 79' lang='lat' dir='ltr'><strong>veriti</strong></span> <span class='ocrx_word' id='word_1_165' title='bbox 1039 2488 1200 2587; x_wconf 80' lang='lat' dir='ltr'><strong>graviter</strong></span> <span class='ocrx_word' id='word_1_166' title='bbox 1212 2487 1424 2579; x_wconf 72' lang='lat' dir='ltr'><strong>miserare,</strong></span> <span class='ocrx_word' id='word_1_167' title='bbox 1451 2485 1534 2560; x_wconf 85' lang='lat' dir='ltr'><strong>aliis</strong></span> <span class='ocrx_word' id='word_1_168' title='bbox 1551 2485 1690 2561; x_wconf 85' lang='lat' dir='ltr'><strong>nunciis</strong></span> <span class='ocrx_word' id='word_1_169' title='bbox 1706 2484 1840 2560; x_wconf 87' lang='lat' dir='ltr'><strong>nostris</strong></span> <span class='ocrx_word' id='word_1_170' title='bbox 1858 2509 1943 2586; x_wconf 83' lang='lat' dir='ltr'><strong>pre-</strong></span> 
     </span>
     <span class='ocr_line' id='line_1_18' title="bbox 250 2585 1943 2690; baseline -0.002 -22"><span class='ocrx_word' id='word_1_171' title='bbox 250 2591 426 2670; x_wconf 83' lang='lat' dir='ltr'><strong>dictorum</strong></span> <span class='ocrx_word' id='word_1_172' title='bbox 444 2593 671 2669; x_wconf 83' lang='lat' dir='ltr'><strong>consortibus</strong></span> <span class='ocrx_word' id='word_1_173' title='bbox 688 2602 862 2668; x_wconf 85' lang='lat' dir='ltr'><strong>eteorum</strong></span> <span class='ocrx_word' id='word_1_174' title='bbox 879 2591 1044 2684; x_wconf 82' lang='lat' dir='ltr'><strong>familiis,</strong></span> <span class='ocrx_word' id='word_1_175' title='bbox 1070 2591 1174 2690; x_wconf 86' lang='lat' dir='ltr'><strong>equis</strong></span> <span class='ocrx_word' id='word_1_176' title='bbox 1190 2600 1233 2667; x_wconf 83' lang='lat' dir='ltr'><strong>et</strong></span> <span class='ocrx_word' id='word_1_177' title='bbox 1246 2591 1356 2666; x_wconf 84' lang='lat' dir='ltr'><strong>rebus</strong></span> <span class='ocrx_word' id='word_1_178' title='bbox 1376 2589 1537 2664; x_wconf 90' lang='lat' dir='ltr'><strong>omnibus</strong></span> <span class='ocrx_word' id='word_1_179' title='bbox 1556 2587 1734 2688; x_wconf 84' lang='lat' dir='ltr'><strong>spoliatis,</strong></span> <span class='ocrx_word' id='word_1_180' title='bbox 1759 2585 1845 2664; x_wconf 90' lang='lat' dir='ltr'><strong>ideo</strong></span> <span class='ocrx_word' id='word_1_181' title='bbox 1863 2611 1943 2679; x_wconf 85' lang='lat' dir='ltr'><strong>nos,</strong></span> 
     </span>
     <span class='ocr_line' id='line_1_19' title="bbox 251 2691 1943 2796; baseline -0.002 -24"><span class='ocrx_word' id='word_1_182' title='bbox 251 2695 463 2789; x_wconf 74' lang='lat' dir='ltr'><strong>Thomas,</strong></span> <span class='ocrx_word' id='word_1_183' title='bbox 481 2693 518 2770; x_wconf 90' lang='lat' dir='ltr'><strong>d.</strong></span> <span class='ocrx_word' id='word_1_184' title='bbox 538 2719 592 2794; x_wconf 80' lang='lat' dir='ltr'><strong>gr.</strong></span> <span class='ocrx_word' id='word_1_185' title='bbox 611 2696 752 2770; x_wconf 80' lang='lat' dir='ltr'><strong>Wrat.</strong></span> <span class='ocrx_word' id='word_1_186' title='bbox 772 2717 844 2796; x_wconf 85' lang='lat' dir='ltr'><strong>ep,</strong></span> <span class='ocrx_word' id='word_1_187' title='bbox 862 2718 1005 2786; x_wconf 84' lang='lat' dir='ltr'><strong>omues,</strong></span> <span class='ocrx_word' id='word_1_188' title='bbox 1024 2706 1095 2770; x_wconf 85' lang='lat' dir='ltr'><strong>tam</strong></span> <span class='ocrx_word' id='word_1_189' title='bbox 1112 2693 1367 2770; x_wconf 81' lang='lat' dir='ltr'><strong>interfectores</strong></span> <span class='ocrx_word' id='word_1_190' title='bbox 1383 2692 1501 2794; x_wconf 85' lang='lat' dir='ltr'><strong>ipsius</strong></span> <span class='ocrx_word' id='word_1_191' title='bbox 1517 2691 1732 2792; x_wconf 84' lang='lat' dir='ltr'><strong>presbyteri,</strong></span> <span class='ocrx_word' id='word_1_192' title='bbox 1760 2716 1864 2790; x_wconf 86' lang='lat' dir='ltr'><strong>quam</strong></span> <span class='ocrx_word' id='word_1_193' title='bbox 1885 2691 1943 2768; x_wconf 81' lang='lat' dir='ltr'><strong>in·</strong></span> 
     </span>
     <span class='ocr_line' id='line_1_20' title="bbox 246 2794 1943 2900; baseline -0.005 -22"><span class='ocrx_word' id='word_1_194' title='bbox 246 2803 414 2900; x_wconf 87' lang='lat' dir='ltr'><strong>jectores</strong></span> <span class='ocrx_word' id='word_1_195' title='bbox 436 2823 598 2874; x_wconf 75' lang='lat' dir='ltr'><strong>manorum</strong></span> <span class='ocrx_word' id='word_1_196' title='bbox 622 2799 657 2874; x_wconf 91' lang='lat' dir='ltr'><strong>in</strong></span> <span class='ocrx_word' id='word_1_197' title='bbox 681 2799 796 2900; x_wconf 89' lang='lat' dir='ltr'><strong>ipsum</strong></span> <span class='ocrx_word' id='word_1_198' title='bbox 815 2796 1017 2900; x_wconf 86' lang='lat' dir='ltr'><strong>dyaconum</strong></span> <span class='ocrx_word' id='word_1_199' title='bbox 1034 2805 1174 2874; x_wconf 89' lang='lat' dir='ltr'><strong>necnon</strong></span> <span class='ocrx_word' id='word_1_200' title='bbox 1192 2821 1336 2897; x_wconf 90' lang='lat' dir='ltr'><strong>quorum</strong></span> <span class='ocrx_word' id='word_1_201' title='bbox 1378 2806 1539 2896; x_wconf 89' lang='lat' dir='ltr'><strong>recepto,</strong></span> <span class='ocrx_word' id='word_1_202' title='bbox 1567 2795 1719 2872; x_wconf 84' lang='lat' dir='ltr'><strong>consilio</strong></span> <span class='ocrx_word' id='word_1_203' title='bbox 1738 2805 1776 2870; x_wconf 91' lang='lat' dir='ltr'><strong>et</strong></span> <span class='ocrx_word' id='word_1_204' title='bbox 1792 2794 1943 2886; x_wconf 85' lang='lat' dir='ltr'><strong>auxilio,</strong></span> 
     </span>
     <span class='ocr_line' id='line_1_21' title="bbox 251 2821 1943 3003; baseline -0.004 -23"><span class='ocrx_word' id='word_1_205' title='bbox 251 2913 290 2980; x_wconf 91' lang='lat' dir='ltr'><strong>et</strong></span> <span class='ocrx_word' id='word_1_206' title='bbox 305 2926 391 2994; x_wconf 85' lang='lat' dir='ltr'><strong>eos,</strong></span> <span class='ocrx_word' id='word_1_207' title='bbox 418 2903 477 3002; x_wconf 88' lang='lat' dir='ltr'><strong>qui</strong></span> <span class='ocrx_word' id='word_1_208' title='bbox 494 2901 544 2978; x_wconf 90' lang='lat' dir='ltr'><strong>ad</strong></span> <span class='ocrx_word' id='word_1_209' title='bbox 560 2903 649 2992; x_wconf 89' lang='lat' dir='ltr'><strong>hoc,</strong></span> <span class='ocrx_word' id='word_1_210' title='bbox 677 2914 714 2977; x_wconf 92' lang='lat' dir='ltr'><strong>ut</strong></span> <span class='ocrx_word' id='word_1_211' title='bbox 739 2902 813 2978; x_wconf 87' lang='lat' dir='ltr'><strong>tale</strong></span> <span class='ocrx_word' id='word_1_212' title='bbox 836 2902 962 2978; x_wconf 87' lang='lat' dir='ltr'><strong>scelus</strong></span> <span class='ocrx_word' id='word_1_213' title='bbox 979 2910 1263 3003; x_wconf 80' lang='lat' dir='ltr'><strong>perpetraretur,</strong></span> <span class='ocrx_word' id='word_1_214' title='bbox 1291 2821 1468 2976; x_wconf 68' lang='lat' dir='ltr'><strong>uerierunt</strong></span> <span class='ocrx_word' id='word_1_215' title='bbox 1492 2877 1700 2988; x_wconf 76' lang='lat' dir='ltr'><strong>licenciam,</strong></span> <span class='ocrx_word' id='word_1_216' title='bbox 1727 2897 1943 2998; x_wconf 87' lang='lat' dir='ltr'><strong>pronuncia·</strong></span> 
     </span>
     <span class='ocr_line' id='line_1_22' title="bbox 252 3001 1943 3104; baseline -0.004 -22"><span class='ocrx_word' id='word_1_217' title='bbox 252 3031 329 3082; x_wconf 84' lang='lat' dir='ltr'><strong>mus</strong></span> <span class='ocrx_word' id='word_1_218' title='bbox 348 3029 399 3084; x_wconf 84' lang='lat' dir='ltr'><strong>ex</strong></span> <span class='ocrx_word' id='word_1_219' title='bbox 416 3007 597 3096; x_wconf 76' lang='lat' dir='ltr'><strong>canoue²)</strong></span> <span class='ocrx_word' id='word_1_220' title='bbox 624 3015 661 3082; x_wconf 92' lang='lat' dir='ltr'><strong>et</strong></span> <span class='ocrx_word' id='word_1_221' title='bbox 678 3029 729 3082; x_wconf 87' lang='lat' dir='ltr'><strong>ex</strong></span> <span class='ocrx_word' id='word_1_222' title='bbox 746 3005 1065 3082; x_wconf 83' lang='lat' dir='ltr'><strong>constituciouibus</strong></span> <span class='ocrx_word' id='word_1_223' title='bbox 1082 3003 1186 3082; x_wconf 86' lang='lat' dir='ltr'><strong>sedis</strong></span> <span class='ocrx_word' id='word_1_224' title='bbox 1204 3002 1407 3104; x_wconf 89' lang='lat' dir='ltr'><strong>apostolice</strong></span> <span class='ocrx_word' id='word_1_225' title='bbox 1430 3002 1647 3099; x_wconf 81' lang='lat' dir='ltr'><strong>legatorum,</strong></span> <span class='ocrx_word' id='word_1_226' title='bbox 1674 3001 1709 3074; x_wconf 91' lang='lat' dir='ltr'><strong>in</strong></span> <span class='ocrx_word' id='word_1_227' title='bbox 1728 3001 1855 3098; x_wconf 85' lang='lat' dir='ltr'><strong>quibus</strong></span> <span class='ocrx_word' id='word_1_228' title='bbox 1873 3023 1943 3076; x_wconf 85' lang='lat' dir='ltr'><strong>ex-</strong></span> 
     </span>
     <span class='ocr_line' id='line_1_23' title="bbox 251 3102 1943 3208; baseline -0.004 -22"><span class='ocrx_word' id='word_1_229' title='bbox 251 3109 549 3187; x_wconf 83' lang='lat' dir='ltr'><strong>communicantur</strong></span> <span class='ocrx_word' id='word_1_230' title='bbox 571 3133 695 3186; x_wconf 85' lang='lat' dir='ltr'><strong>omnes</strong></span> <span class='ocrx_word' id='word_1_231' title='bbox 717 3108 907 3184; x_wconf 86' lang='lat' dir='ltr'><strong>voluntarii</strong></span> <span class='ocrx_word' id='word_1_232' title='bbox 930 3106 1127 3199; x_wconf 88' lang='lat' dir='ltr'><strong>homicide,</strong></span> <span class='ocrx_word' id='word_1_233' title='bbox 1154 3108 1236 3208; x_wconf 87' lang='lat' dir='ltr'><strong>ipso</strong></span> <span class='ocrx_word' id='word_1_234' title='bbox 1258 3105 1359 3181; x_wconf 85' lang='lat' dir='ltr'><strong>facto</strong></span> <span class='ocrx_word' id='word_1_235' title='bbox 1384 3105 1420 3178; x_wconf 91' lang='lat' dir='ltr'><strong>in</strong></span> <span class='ocrx_word' id='word_1_236' title='bbox 1446 3102 1833 3180; x_wconf 77' lang='lat' dir='ltr'><strong>excommunicacionis</strong></span> <span class='ocrx_word' id='word_1_237' title='bbox 1855 3127 1943 3180; x_wconf 87' lang='lat' dir='ltr'><strong>sen-</strong></span> 
     </span>
     <span class='ocr_line' id='line_1_24' title="bbox 250 3203 2019 3306; baseline -0.006 -16"><span class='ocrx_word' id='word_1_238' title='bbox 250 3214 403 3290; x_wconf 79' lang='lat' dir='ltr'><strong>tenciam</strong></span> <span class='ocrx_word' id='word_1_239' title='bbox 427 3211 622 3306; x_wconf 83' lang='lat' dir='ltr'><strong>incidisse,</strong></span> <span class='ocrx_word' id='word_1_240' title='bbox 654 3221 693 3290; x_wconf 91' lang='lat' dir='ltr'><strong>et</strong></span> <span class='ocrx_word' id='word_1_241' title='bbox 716 3211 963 3288; x_wconf 78' lang='lat' dir='ltr'><strong>mehdortiuus</strong></span> <span class='ocrx_word' id='word_1_242' title='bbox 988 3211 1338 3290; x_wconf 69' lang='lat' dir='ltr'><strong>excommunicamus</strong></span> <span class='ocrx_word' id='word_1_243' title='bbox 1361 3207 1578 3288; x_wconf 66' lang='lat' dir='ltr'><strong>mutuatae</strong></span> <span class='ocrx_word' id='word_1_244' title='bbox 1610 3203 1791 3282; x_wconf 78' lang='lat' dir='ltr'><strong>ordinaria</strong></span> <span class='ocrx_word' id='word_1_245' title='bbox 1814 3205 1849 3280; x_wconf 89' lang='lat' dir='ltr'><strong>in</strong></span> <span class='ocrx_word' id='word_1_246' title='bbox 1872 3204 1944 3280; x_wconf 86' lang='lat' dir='ltr'><strong>hiis</strong></span> <span class='ocrx_word' id='word_1_247' title='bbox 2016 3267 2019 3280; x_wconf 94' lang='lat'>.</span> 
     </span>
    </p>
   </div>
   <div class='ocr_carea' id='block_1_5' title="bbox 250 3328 407 3419">
    <p class='ocr_par' dir='ltr' id='par_1_7' title="bbox 250 3328 407 3419">
     <span class='ocr_line' id='line_1_25' title="bbox 250 3328 407 3419; baseline -0.006 -26"><span class='ocrx_word' id='word_1_248' title='bbox 250 3328 407 3419; x_wconf 54' lang='lat' dir='ltr'><strong>scupus.</strong></span> 
     </span>
    </p>
   </div>
   <div class='ocr_carea' id='block_1_6' title="bbox 249 3720 2111 4763">
    <p class='ocr_par' dir='ltr' id='par_1_8' title="bbox 249 3720 2111 4763">
     <span class='ocr_line' id='line_1_26' title="bbox 352 3720 2111 3828; baseline -0.009 -24"><span class='ocrx_word' id='word_1_249' title='bbox 352 3727 506 3804; x_wconf 83' lang='lat' dir='ltr'><strong>Domino</strong></span> <span class='ocrx_word' id='word_1_250' title='bbox 520 3727 801 3828; x_wconf 79' lang='lat' dir='ltr'><strong>arcidepisoopo</strong></span> <span class='ocrx_word' id='word_1_251' title='bbox 818 3725 1119 3824; x_wconf 66' lang='lat' dir='ltr'><strong>(duserensi,</strong></span> <span class='ocrx_word' id='word_1_252' title='bbox 1146 3722 1341 3800; x_wconf 69' lang='lat' dir='ltr'><strong>Thomas</strong></span> <span class='ocrx_word' id='word_1_253' title='bbox 1359 3745 1419 3823; x_wconf 90' lang='lat' dir='ltr'><strong>ep.</strong></span> <span class='ocrx_word' id='word_1_254' title='bbox 1437 3720 1613 3818; x_wconf 82' lang='lat' dir='ltr'><strong>Wrat.).</strong></span> <span class='ocrx_word' id='word_1_255' title='bbox 1966 3721 2111 3773; x_wconf 70' lang='lat' dir='ltr'><strong>tfflvlt</strong></span> 
     </span>
     <span class='ocr_line' id='line_1_27' title="bbox 353 3801 2093 3938; baseline -0.008 -30"><span class='ocrx_word' id='word_1_256' title='bbox 353 3831 439 3908; x_wconf 87' lang='lat' dir='ltr'><strong>Nou</strong></span> <span class='ocrx_word' id='word_1_257' title='bbox 456 3832 538 3907; x_wconf 88' lang='lat' dir='ltr'><strong>sine</strong></span> <span class='ocrx_word' id='word_1_258' title='bbox 554 3829 833 3930; x_wconf 78' lang='lat' dir='ltr'><strong>ingentidolore</strong></span> <span class='ocrx_word' id='word_1_259' title='bbox 850 3829 975 3908; x_wconf 84' lang='lat' dir='ltr'><strong>cordis</strong></span> <span class='ocrx_word' id='word_1_260' title='bbox 993 3841 1030 3907; x_wconf 88' lang='lat' dir='ltr'><strong>et</strong></span> <span class='ocrx_word' id='word_1_261' title='bbox 1048 3827 1271 3906; x_wconf 71' lang='lat' dir='ltr'><strong>manaim</strong></span> <span class='ocrx_word' id='word_1_262' title='bbox 1288 3826 1420 3926; x_wconf 83' lang='lat' dir='ltr'><strong>gemitu</strong></span> <span class='ocrx_word' id='word_1_263' title='bbox 1433 3821 1639 3926; x_wconf 77' lang='lat' dir='ltr'><strong>paternitati</strong></span> <span class='ocrx_word' id='word_1_264' title='bbox 1653 3833 1778 3899; x_wconf 79' lang='lat' dir='ltr'><strong>vestre</strong></span> <span class='ocrx_word' id='word_1_265' title='bbox 1791 3820 1944 3898; x_wconf 76' lang='lat' dir='ltr'><strong>facinus</strong></span> <span class='ocrx_word' id='word_1_266' title='bbox 1980 3801 2093 3938; x_wconf 38' lang='grc' dir='ltr'><strong>ἐξῇ,</strong></span> 
     </span>
     <span class='ocr_line' id='line_1_28' title="bbox 252 3921 2028 4034; baseline -0.008 -20"><span class='ocrx_word' id='word_1_267' title='bbox 252 3934 496 4026; x_wconf 61' lang='lat' dir='ltr'><strong>modestum,</strong></span> <span class='ocrx_word' id='word_1_268' title='bbox 521 3935 676 4034; x_wconf 81' lang='lat' dir='ltr'><strong>qualiter</strong></span> <span class='ocrx_word' id='word_1_269' title='bbox 700 3945 763 4010; x_wconf 80' lang='lat' dir='ltr'><strong>un</strong></span> <span class='ocrx_word' id='word_1_270' title='bbox 787 3933 964 4034; x_wconf 86' lang='lat' dir='ltr'><strong>quomodo</strong></span> <span class='ocrx_word' id='word_1_271' title='bbox 981 3933 1082 4009; x_wconf 88' lang='lat' dir='ltr'><strong>dom.</strong></span> <span class='ocrx_word' id='word_1_272' title='bbox 1106 3929 1182 4006; x_wconf 85' lang='lat' dir='ltr'><strong>dnx</strong></span> <span class='ocrx_word' id='word_1_273' title='bbox 1205 3926 1636 4018; x_wconf 80' lang='lat' dir='ltr'><strong>Wratialauieusis,</strong></span> <span class='ocrx_word' id='word_1_274' title='bbox 1669 3925 1781 4000; x_wconf 84' lang='lat' dir='ltr'><strong>misso</strong></span> <span class='ocrx_word' id='word_1_275' title='bbox 1804 3921 1854 4000; x_wconf 90' lang='lat' dir='ltr'><strong>ad</strong></span> <span class='ocrx_word' id='word_1_276' title='bbox 1876 3947 1944 4000; x_wconf 81' lang='lat' dir='ltr'><strong>non</strong></span> <span class='ocrx_word' id='word_1_277' title='bbox 2025 3933 2028 3937; x_wconf 83' lang='lat'>&#39;</span> 
     </span>
     <span class='ocr_line' id='line_1_29' title="bbox 250 4023 2093 4138; baseline -0.008 -24"><span class='ocrx_word' id='word_1_278' title='bbox 250 4041 287 4114; x_wconf 86' lang='lat' dir='ltr'><strong>in</strong></span> <span class='ocrx_word' id='word_1_279' title='bbox 308 4035 371 4116; x_wconf 64' lang='lat' dir='ltr'><strong>de</strong></span> <span class='ocrx_word' id='word_1_280' title='bbox 388 4065 422 4116; x_wconf 87' lang='lat' dir='ltr'><strong>s.</strong></span> <span class='ocrx_word' id='word_1_281' title='bbox 439 4039 616 4114; x_wconf 77' lang='lat' dir='ltr'><strong>Bardaici</strong></span> <span class='ocrx_word' id='word_1_282' title='bbox 639 4038 865 4116; x_wconf 78' lang='lat' dir='ltr'><strong>confessoris</strong></span> <span class='ocrx_word' id='word_1_283' title='bbox 883 4061 1002 4138; x_wconf 87' lang='lat' dir='ltr'><strong>nuper</strong></span> <span class='ocrx_word' id='word_1_284' title='bbox 1017 4035 1188 4138; x_wconf 83' lang='lat' dir='ltr'><strong>preterito</strong></span> <span class='ocrx_word' id='word_1_285' title='bbox 1210 4032 1375 4108; x_wconf 70' lang='lat' dir='ltr'><strong>faciliori</strong></span> <span class='ocrx_word' id='word_1_286' title='bbox 1391 4053 1460 4107; x_wconf 87' lang='lat' dir='ltr'><strong>sno</strong></span> <span class='ocrx_word' id='word_1_287' title='bbox 1482 4031 1593 4106; x_wconf 86' lang='lat' dir='ltr'><strong>milite</strong></span> <span class='ocrx_word' id='word_1_288' title='bbox 1611 4029 1862 4106; x_wconf 78' lang='lat' dir='ltr'><strong>Hermanno</strong></span> <span class='ocrx_word' id='word_1_289' title='bbox 1886 4023 1943 4101; x_wconf 79' lang='lat' dir='ltr'><strong>di·</strong></span> <span class='ocrx_word' id='word_1_290' title='bbox 1979 4061 2003 4112; x_wconf 65' lang='grc' dir='ltr'><strong>ι,</strong></span> <span class='ocrx_word' id='word_1_291' title='bbox 2025 4065 2093 4124; x_wconf 58' lang='lat' dir='ltr'><strong>Au„</strong></span> 
     </span>
     <span class='ocr_line' id='line_1_30' title="bbox 252 4128 1945 4244; baseline -0.007 -24"><span class='ocrx_word' id='word_1_292' title='bbox 252 4154 316 4219; x_wconf 80' lang='lat' dir='ltr'><strong>cto</strong></span> <span class='ocrx_word' id='word_1_293' title='bbox 327 4140 379 4220; x_wconf 86' lang='lat' dir='ltr'><strong>de</strong></span> <span class='ocrx_word' id='word_1_294' title='bbox 395 4141 634 4220; x_wconf 77' lang='lat' dir='ltr'><strong>Ronberoh</strong></span> <span class='ocrx_word' id='word_1_295' title='bbox 650 4143 847 4244; x_wconf 82' lang='lat' dir='ltr'><strong>peripsum</strong></span> <span class='ocrx_word' id='word_1_296' title='bbox 864 4163 931 4216; x_wconf 84' lang='lat' dir='ltr'><strong>nos</strong></span> <span class='ocrx_word' id='word_1_297' title='bbox 949 4139 1082 4216; x_wconf 81' lang='lat' dir='ltr'><strong>iecerit</strong></span> <span class='ocrx_word' id='word_1_298' title='bbox 1098 4136 1259 4228; x_wconf 69' lang='lat' dir='ltr'><strong>saluam</strong></span> <span class='ocrx_word' id='word_1_299' title='bbox 1279 4140 1385 4236; x_wconf 86' lang='lat' dir='ltr'><strong>cnjus</strong></span> <span class='ocrx_word' id='word_1_300' title='bbox 1403 4131 1640 4216; x_wconf 81' lang='lat' dir='ltr'><strong>salutacionis</strong></span> <span class='ocrx_word' id='word_1_301' title='bbox 1657 4128 1847 4208; x_wconf 83' lang='lat' dir='ltr'><strong>exordium</strong></span> <span class='ocrx_word' id='word_1_302' title='bbox 1864 4128 1945 4208; x_wconf 78' lang='lat' dir='ltr'><strong>sive</strong></span> 
     </span>
     <span class='ocr_line' id='line_1_31' title="bbox 251 4245 576 4324; baseline -0.012 0"><span class='ocrx_word' id='word_1_303' title='bbox 251 4245 370 4324; x_wconf 73' lang='lat' dir='ltr'><strong>sudes</strong></span> <span class='ocrx_word' id='word_1_304' title='bbox 386 4246 474 4322; x_wconf 81' lang='lat' dir='ltr'><strong>talis</strong></span> <span class='ocrx_word' id='word_1_305' title='bbox 493 4245 576 4322; x_wconf 81' lang='lat' dir='ltr'><strong>fuit:</strong></span> 
     </span>
     <span class='ocr_line' id='line_1_32' title="bbox 265 4331 1945 4444; baseline -0.008 -19"><span class='ocrx_word' id='word_1_306' title='bbox 265 4382 268 4392; x_wconf 53' lang='grc' dir='ltr'>ι</span> <span class='ocrx_word' id='word_1_307' title='bbox 354 4349 555 4444; x_wconf 78' lang='lat' dir='ltr'><strong>„Dominus</strong></span> <span class='ocrx_word' id='word_1_308' title='bbox 576 4345 780 4427; x_wconf 46' lang='lat' dir='ltr'><strong>naas-*dux</strong></span> <span class='ocrx_word' id='word_1_309' title='bbox 804 4370 874 4422; x_wconf 90' lang='lat' dir='ltr'><strong>non</strong></span> <span class='ocrx_word' id='word_1_310' title='bbox 895 4343 1009 4422; x_wconf 81' lang='lat' dir='ltr'><strong>velud</strong></span> <span class='ocrx_word' id='word_1_311' title='bbox 1031 4342 1205 4420; x_wconf 68' lang='lat' dir='ltr'><strong>inimicum</strong></span> <span class='ocrx_word' id='word_1_312' title='bbox 1229 4339 1302 4419; x_wconf 82' lang='lat' dir='ltr'><strong>sod</strong></span> <span class='ocrx_word' id='word_1_313' title='bbox 1321 4351 1498 4438; x_wconf 67' lang='lat' dir='ltr'><strong>umquam</strong></span> <span class='ocrx_word' id='word_1_314' title='bbox 1515 4346 1653 4440; x_wconf 79' lang='lat' dir='ltr'><strong>patrem</strong></span> <span class='ocrx_word' id='word_1_315' title='bbox 1669 4331 1890 4435; x_wconf 71' lang='lat' dir='ltr'><strong>spiritualem</strong></span> <span class='ocrx_word' id='word_1_316' title='bbox 1906 4345 1945 4412; x_wconf 85' lang='lat' dir='ltr'><strong>et</strong></span> 
     </span>
     <span class='ocr_line' id='line_1_33' title="bbox 251 4437 1944 4547; baseline -0.01 -14"><span class='ocrx_word' id='word_1_317' title='bbox 251 4453 403 4532; x_wconf 72' lang='lat' dir='ltr'><strong>en&#39;oum</strong></span> <span class='ocrx_word' id='word_1_318' title='bbox 420 4454 455 4528; x_wconf 90' lang='lat' dir='ltr'><strong>io</strong></span> <span class='ocrx_word' id='word_1_319' title='bbox 474 4451 623 4530; x_wconf 73' lang='lat' dir='ltr'><strong>Ghn&#39;sts</strong></span> <span class='ocrx_word' id='word_1_320' title='bbox 639 4451 867 4528; x_wconf 75' lang='lat' dir='ltr'><strong>karissimus</strong></span> <span class='ocrx_word' id='word_1_321' title='bbox 884 4473 954 4526; x_wconf 79' lang='lat' dir='ltr'><strong>ros</strong></span> <span class='ocrx_word' id='word_1_322' title='bbox 970 4448 1124 4541; x_wconf 79' lang='lat' dir='ltr'><strong>salutat,</strong></span> <span class='ocrx_word' id='word_1_323' title='bbox 1149 4457 1190 4524; x_wconf 88' lang='lat' dir='ltr'><strong>et</strong></span> <span class='ocrx_word' id='word_1_324' title='bbox 1203 4445 1291 4547; x_wconf 75' lang='lat' dir='ltr'><strong>quia</strong></span> <span class='ocrx_word' id='word_1_325' title='bbox 1307 4445 1377 4520; x_wconf 76' lang='lat' dir='ltr'><strong>siai</strong></span> <span class='ocrx_word' id='word_1_326' title='bbox 1396 4451 1497 4520; x_wconf 88' lang='lat' dir='ltr'><strong>certo</strong></span> <span class='ocrx_word' id='word_1_327' title='bbox 1513 4440 1659 4518; x_wconf 83' lang='lat' dir='ltr'><strong>cercius</strong></span> <span class='ocrx_word' id='word_1_328' title='bbox 1681 4437 1847 4530; x_wconf 73' lang='lat' dir='ltr'><strong>mooun,</strong></span> <span class='ocrx_word' id='word_1_329' title='bbox 1874 4457 1944 4516; x_wconf 82' lang='lat' dir='ltr'><strong>vot</strong></span> 
     </span>
     <span class='ocr_line' id='line_1_34' title="bbox 250 4538 1945 4652; baseline -0.011 -20"><span class='ocrx_word' id='word_1_330' title='bbox 250 4554 368 4634; x_wconf 84' lang='lat' dir='ltr'><strong>modis</strong></span> <span class='ocrx_word' id='word_1_331' title='bbox 384 4557 546 4634; x_wconf 84' lang='lat' dir='ltr'><strong>omnibus</strong></span> <span class='ocrx_word' id='word_1_332' title='bbox 567 4553 783 4635; x_wconf 77' lang='lat' dir='ltr'><strong>desiderare</strong></span> <span class='ocrx_word' id='word_1_333' title='bbox 809 4551 1056 4645; x_wconf 71' lang='lat' dir='ltr'><strong>concordam,</strong></span> <span class='ocrx_word' id='word_1_334' title='bbox 1083 4561 1192 4650; x_wconf 61' lang='lat' dir='ltr'><strong>aque</strong></span> <span class='ocrx_word' id='word_1_335' title='bbox 1215 4572 1345 4652; x_wconf 81' lang='lat' dir='ltr'><strong>pacem</strong></span> <span class='ocrx_word' id='word_1_336' title='bbox 1360 4545 1477 4624; x_wconf 79' lang='lat' dir='ltr'><strong>vellet</strong></span> <span class='ocrx_word' id='word_1_337' title='bbox 1500 4544 1638 4645; x_wconf 86' lang='lat' dir='ltr'><strong>etipse</strong></span> <span class='ocrx_word' id='word_1_338' title='bbox 1655 4540 1749 4620; x_wconf 92' lang='lat' dir='ltr'><strong>dom.</strong></span> <span class='ocrx_word' id='word_1_339' title='bbox 1766 4538 1845 4616; x_wconf 80' lang='lat' dir='ltr'><strong>dux</strong></span> <span class='ocrx_word' id='word_1_340' title='bbox 1860 4563 1945 4642; x_wconf 75' lang='lat' dir='ltr'><strong>ymo</strong></span> 
     </span>
     <span class='ocr_line' id='line_1_35' title="bbox 249 4644 1944 4763; baseline -0.01 -24"><span class='ocrx_word' id='word_1_341' title='bbox 249 4661 340 4763; x_wconf 75' lang='lat' dir='ltr'><strong>pout</strong></span> <span class='ocrx_word' id='word_1_342' title='bbox 357 4683 407 4738; x_wconf 79' lang='lat' dir='ltr'><strong>en</strong></span> <span class='ocrx_word' id='word_1_343' title='bbox 421 4661 576 4751; x_wconf 74' lang='lat' dir='ltr'><strong>affeetu,</strong></span> <span class='ocrx_word' id='word_1_344' title='bbox 602 4657 701 4759; x_wconf 79' lang='lat' dir='ltr'><strong>qued</strong></span> <span class='ocrx_word' id='word_1_345' title='bbox 713 4661 810 4737; x_wconf 87' lang='lat' dir='ltr'><strong>inter</strong></span> <span class='ocrx_word' id='word_1_346' title='bbox 823 4679 893 4734; x_wconf 78' lang='lat' dir='ltr'><strong>ros</strong></span> <span class='ocrx_word' id='word_1_347' title='bbox 909 4669 950 4736; x_wconf 79' lang='lat' dir='ltr'><strong>et</strong></span> <span class='ocrx_word' id='word_1_348' title='bbox 972 4654 1188 4760; x_wconf 85' lang='lat' dir='ltr'><strong>ipsumuuio</strong></span> <span class='ocrx_word' id='word_1_349' title='bbox 1205 4649 1402 4736; x_wconf 83' lang='lat' dir='ltr'><strong>concordie</strong></span> <span class='ocrx_word' id='word_1_350' title='bbox 1417 4673 1510 4728; x_wconf 83' lang='lat' dir='ltr'><strong>rere</strong></span> <span class='ocrx_word' id='word_1_351' title='bbox 1525 4658 1563 4726; x_wconf 90' lang='lat' dir='ltr'><strong>et</strong></span> <span class='ocrx_word' id='word_1_352' title='bbox 1579 4646 1686 4750; x_wconf 84' lang='lat' dir='ltr'><strong>pacis</strong></span> <span class='ocrx_word' id='word_1_353' title='bbox 1704 4644 1843 4724; x_wconf 76' lang='lat' dir='ltr'><strong>ermini</strong></span> <span class='ocrx_word' id='word_1_354' title='bbox 1858 4667 1944 4746; x_wconf 83' lang='lat' dir='ltr'><strong>per-</strong></span> 
     </span>
    </p>
   </div>
   <div class='ocr_carea' id='block_1_7' title="bbox 292 4893 1093 5072">
    <p class='ocr_par' dir='ltr' id='par_1_9' title="bbox 292 4893 1093 5072">
     <span class='ocr_line' id='line_1_36' title="bbox 294 4893 1052 4982; baseline -0.005 -21"><span class='ocrx_word' id='word_1_355' title='bbox 294 4902 330 4982; x_wconf 83' lang='lat' dir='ltr'><strong>t)</strong></span> <span class='ocrx_word' id='word_1_356' title='bbox 355 4893 595 4980; x_wconf 77' lang='lat' dir='ltr'><strong>Weidenau,</strong></span> <span class='ocrx_word' id='word_1_357' title='bbox 615 4896 649 4960; x_wconf 87' lang='lat' dir='ltr'><strong>S.</strong></span> <span class='ocrx_word' id='word_1_358' title='bbox 669 4893 692 4961; x_wconf 71' lang='lat' dir='ltr'><strong>i</strong></span> <span class='ocrx_word' id='word_1_359' title='bbox 713 4895 757 4962; x_wconf 83' lang='lat' dir='ltr'><strong>M.</strong></span> <span class='ocrx_word' id='word_1_360' title='bbox 780 4915 842 4961; x_wconf 82' lang='lat' dir='ltr'><strong>von</strong></span> <span class='ocrx_word' id='word_1_361' title='bbox 862 4893 1052 4962; x_wconf 80' lang='lat' dir='ltr'><strong>Otmnehun.</strong></span> 
     </span>
     <span class='ocr_line' id='line_1_37' title="bbox 292 4979 1093 5072; baseline -0.002 -26"><span class='ocrx_word' id='word_1_362' title='bbox 292 4985 330 5066; x_wconf 77' lang='grc' dir='ltr'><strong>Ι)</strong></span> <span class='ocrx_word' id='word_1_363' title='bbox 357 5004 386 5048; x_wconf 83' lang='lat' dir='ltr'><strong>c</strong></span> <span class='ocrx_word' id='word_1_364' title='bbox 405 4983 439 5064; x_wconf 61' lang='grc' dir='ltr'><strong>ἢ,</strong></span> <span class='ocrx_word' id='word_1_365' title='bbox 459 4979 496 5048; x_wconf 80' lang='lat' dir='ltr'>X</span> <span class='ocrx_word' id='word_1_366' title='bbox 518 4981 558 5046; x_wconf 87' lang='lat' dir='ltr'><strong>de</strong></span> <span class='ocrx_word' id='word_1_367' title='bbox 576 4981 702 5072; x_wconf 68' lang='lat' dir='ltr'><strong>pamm</strong></span> <span class='ocrx_word' id='word_1_368' title='bbox 1088 5018 1093 5027; x_wconf 89' lang='lat'><em>-</em></span> 
     </span>
    </p>
   </div>
   <div class='ocr_carea' id='block_1_8' title="bbox 0 0 2334 5762">
    <p class='ocr_par' dir='ltr' id='par_1_10' title="bbox 0 0 2334 5762">
     <span class='ocr_line' id='line_1_38' title="bbox 0 0 2334 5762; baseline 0 0"><span class='ocrx_word' id='word_1_369' title='bbox 0 0 2334 5762; x_wconf 95' lang='lat' dir='ltr'><strong> </strong></span> 
     </span>
    </p>
   </div>
  </div>
 </body>
</html>
