4594 5774
826 521 1040 598 ortana.
1097 517 1298 594 oonxrr.
1359 477 1363 484 ’
1832 517 1907 596 ror
2020 547 2022 552 ·

218 729 363 808 dam
390 739 465 822 cst,
493 727 576 806 sire
601 749 810 830 monnone
835 725 910 803 alia
935 726 1092 804 racione.
1153 719 1261 814 Quod
1292 719 1325 798 si
1355 719 1485 822 aliquis
1501 698 1504 712 ¹
1518 745 1568 800 ex
1598 723 1689 824 ipsis
1722 723 1758 800 in
1788 723 1909 826 aliquo

218 843 344 912 contra
368 832 549 935 premissa
573 831 633 908 vel
659 831 909 933 premissorum
935 825 1082 930 aliquod
1102 828 1253 919 venerit,
1279 825 1515 928 promiserunt
1540 825 1783 929 sollempniter
1808 825 1908 908 dicre

216 947 342 1044 partes
368 933 418 1012 ad
445 937 615 1028 invicem,
650 933 831 1011 vallantes
856 931 1058 1034 hujusmodi
1084 931 1373 1034 compromissum
1399 929 1466 1004 rub
1496 959 1597 1028 peno
1622 937 1908 1032 quingentarum

217 1065 433 1116 marcorum
460 1047 603 1116 mactis
626 1043 797 1138 pecunie,
823 1063 926 1139 qnam
950 1061 1080 1140 penarn
1105 1058 1203 1138 pars,
1231 1059 1299 1110 non
1327 1057 1481 1110 servans
1506 1032 1541 1108 in
1566 1047 1670 1132 porte
1692 1035 1753 1111 vel
1778 1036 1813 1110 in
1831 1045 1907 1116 toto

217 1144 396 1220 arbitrium
422 1145 502 1220 sive
528 1139 672 1219 laudum
699 1137 912 1241 hujusmodi,
938 1141 1031 1242 parti
1056 1139 1263 1216 observanti
1290 1135 1466 1214 arbitrium
1494 1136 1640 1215 solvere
1667 1148 1726 1213 est
1743 1139 1905 1232 astricta,

217 1271 288 1348 qna
313 1247 433 1326 soluta
457 1246 518 1324 rel
543 1271 613 1322 non
640 1255 678 1324 et
703 1245 891 1346 expensis,
918 1241 1093 1346 dampnis,
1119 1243 1301 1320 interesse
1326 1241 1514 1319 resarcitis
1539 1241 1599 1318 rel
1626 1265 1714 1333 non,
1741 1240 1907 1342 predicta

216 1351 334 1426 omnia
359 1361 397 1426 et
422 1350 566 1450 singula
591 1360 629 1426 et
653 1347 850 1451 predictum
877 1349 1184 1450 compromissam,
1211 1343 1366 1438 laudum,
1402 1345 1580 1422 arbitrium
1607 1344 1642 1419 in
1669 1369 1738 1420 sna
1763 1369 1905 1447 perron·

216 1464 326 1532 noant
349 1454 522 1532 firmitate.
583 1452 897 1529 llennnciaveront
930 1453 1045 1530 eciam
1080 1450 1293 1552 specialiter
1316 1451 1383 1525 snb
1408 1473 1505 1550 pena
1530 1445 1696 1550 predicta
1720 1450 1813 1524 corni
1839 1451 1905 1528 be-

95 1651 100 1658 ,
217 1557 345 1634 nelicio
371 1557 483 1657 logis,
517 1557 686 1646 canonis,
722 1557 846 1632 statuti
872 1565 910 1632 et
936 1552 1205 1634 consuetudinis
1237 1565 1276 1630 et
1301 1552 1448 1630 cuilibet
1472 1551 1576 1629 alteri
1602 1551 1778 1629 beneficio
1797 1553 1904 1652 juris,

216 1655 1721 1865 {bittit’,ttllttl‘bbtltltt,bzttlrttztt'ttttl‘tt
1741 1655 1776 1835 l
1795 1665 1906 1838 lb?

156 1965 159 1973 Ι
217 1869 361 1948 tucione
387 1866 626 1968 dampnorum,
653 1883 893 1968 expensarum
918 1889 985 1944 scu
1012 1789 1193 1944 inborosse
1218 1862 1483 1966 qronmdolibet
1507 1863 1662 1940 liberari.
1703 1863 1804 1941 Aeta
1823 1875 1906 1940 sont

216 1972 289 2050 bec
315 1995 418 2062 anno,
444 1969 636 2060 indicione,
664 1968 726 2048 die
752 1981 790 2046 et
813 1971 909 2064 loco,
937 1971 1064 2071 quibus
1089 1995 1209 2072 snpra,
1235 1968 1464 2070 presentibus
1491 1966 1756 2044 honorabilibus
1783 1979 1821 2044 et
1845 1965 1905 2044 di·

177 2137 181 2146 ,
217 2077 350 2154 scretis
374 2075 479 2168 viris,
507 2072 657 2150 dominis
683 2073 948 2153 Thiozoone
973 2074 1230 2176 riceplebano‚
1258 2074 1397 2150 Petro
1423 2067 1472 2147 de
1497 2073 1665 2171 Brego,
1692 2071 1828 2147 Petro
1855 2069 1904 2150 tle

216 2180 461 2269 Paczcow,
488 2178 528 2252 N
536 2178 690 2258 icclao
716 2176 1025 2255 Jannschonis
1050 2177 1210 2264 vicariis,
1237 2175 1437 2254 Nicolao
1463 2172 1693 2276 predicatore
1718 2173 1817 2252 dicte
1835 2199 1903 2252 sen

217 2279 427 2384 supradicte
451 2281 688 2382 parrochialis
715 2282 877 2359 ecclesie
894 2281 1143 2381 Nysensis‚
1170 2280 1307 2357 Petro
1334 2276 1383 2355 de
1400 2276 1618 2356 Crelcow
1635 2278 1801 2380 plebano,
1826 2279 1905 2356 Ja-

218 2387 331 2464 cobo
363 2395 509 2491 rectore
539 2385 683 2486 capelle
716 2382 886 2464 advocati
917 2385 954 2460 in
986 2381 1115 2462 eadem
1149 2384 1314 2462 ecclesia
1343 2383 1570 2484 Nysensi,
1602 2383 1906 2462 ltrancucone

216 2490 389 2589 magistro
419 2490 565 2580 civium,
599 2489 634 2564 [r
673 2489 826 2590 bicgo,
859 2488 1149 2590 lleynmanno
1182 2486 1388 2580 Colman,
1429 2486 1648 2564 Hancono
1683 2484 1903 2588 Crapicn‚
2007 2550 2013 2564 ,

217 2590 493 2683 Ebirbardo,
527 2515 782 2668 Gundrarno
809 2592 949 2670 civibus
974 2591 1282 2695 Nysensibns,
1316 2583 1516 2668 lle'nrioo
1542 2591 1752 2682 Honrici,
1780 2592 1903 2666 Lau·

216 2697 371 2774 renoio
395 2697 641 2772 Hermanni
666 2697 814 2773 notariis
839 2696 994 2798 publicis
1021 2707 1059 2772 et
1083 2695 1201 2770 multis
1228 2695 1310 2770 ollis
1336 2694 1490 2770 testibus
1516 2691 1589 2772 lide
1616 2693 1748 2793 dignis.

319 2800 372 2876 Et
398 2823 470 2900 ego
494 2800 748 2893 Jobauncs,
775 2798 952 2900 quondam
978 2799 1200 2874 Gnntberi
1226 2796 1274 2874 de
1299 2797 1451 2898 Nysa,
1479 2797 1793 2875 clericosWrat.
1822 2797 1904 2876 dio·
1942 2826 2050 2892 (signa

215 2905 318 2980 cesis
341 2901 506 3004 publicos
531 2905 704 3006 imperiali
729 2905 944 2981 auctoritate
970 2903 1146 2994 notarim,
1178 2900 1352 3003 predictis
1385 2901 1545 2976 omnibns
1577 2915 1615 2978 ct
1648 2902 1801 3000 singulis
1834 2927 1905 2978 nna
1920 2896 2071 2954 ΗΜ)

216 3031 300 3084 corn
319 3007 531 3108 prescriptis
553 3008 711 3084 testibus
737 3019 775 3084 et
799 3008 937 3084 Petro
963 3031 1010 3084 ac
1034 3008 1061 3085 J
1068 3007 1209 3084 acobo
1246 3000 1474 3104 supradictis·
1493 3016 1530 3080 et
1555 3005 1771 3104 subscriptis
1797 3015 1903 3082 noto·

215 3111 279 3188 riis
302 3135 456 3213 presens
481 3109 532 3186 lui
559 3123 597 3187 et
621 3135 669 3187 ea
694 3120 842 3210 rogatus
874 3133 941 3212 per
972 3120 1097 3210 portes
1125 3108 1448 3210 compromittentes
1481 3104 1668 3208 predictas
1701 3108 1833 3208 scripsi
1865 3119 1904 3186 et

216 3215 250 3290 in
276 3214 372 3292 banc
397 3213 575 3315 publicani
600 3213 746 3290 forman
770 3212 898 3312 redegi
925 3214 1100 3314 signoque
1131 3235 1212 3288 meo
1238 3211 1344 3288 solito
1372 3219 1410 3286 et
1434 3209 1574 3287 nomine
1600 3211 1823 3310 consignari.

319 3317 373 3396 Et
405 3341 477 3417 ego
502 3319 722 3410 lacobus,
757 3316 932 3418 qnondam
956 3319 1083 3395 Petri
1107 3313 1155 3393 de
1180 3317 1335 3418 Jelyn,
1368 3313 1525 3392 clericus
1551 3313 1691 3389 Wrat.
1726 3312 1903 3417 dyocesis
1941 3338 2048 3406 (scra
2075 3393 2084 3410 ,

217 3421 384 3544 publicos
410 3423 625 3500 auctoritato
650 3420 824 3523 imperiali
849 3422 1019 3514 notarios,
1046 3419 1234 3524 premissis
1260 3444 1331 3494 ona
1357 3442 1436 3542 cunr
1452 3418 1479 3495 J
1485 3417 1659 3540 channe
1675 3416 1903 3512 Guntberi,
1919 3407 2071 3467 ΗΜ)

216 3522 1903 3730 bill,trittbt'tttlzldtlr?⁹ltlttllrtlbtlbtttdlttllbff
1917 3709 1921 3719 „

216 3735 350 3814 notabs
375 3755 528 3835 presens
554 3731 696 3808 interlui
721 3757 848 3834 neque
872 3733 932 3810 bic
959 3741 1038 3811 cnm
1064 3734 1171 3834 signo
1193 3754 1274 3810 rneo
1300 3741 1474 3830 consueto
1500 3729 1720 3832 subscripsi,
1752 3740 1902 3831 rogatus
2041 3749 2044 3754 “

217 3838 252 3912 in
277 3835 514 3914 testimoninm
538 3837 686 3911 omnium
711 3835 973 3936 premissorum.
1800 3872 1805 3880 ·

320 3939 373 4016 Εἰ
399 3963 470 4039 ego
496 3939 662 4016 Petrus
687 3937 919 4018 Waltberi
946 3940 994 4018 de
1020 3939 1191 4016 Senicn
1217 3937 1374 4014 clericus
1400 3936 1542 4010 Wrat.
1577 3933 1753 4037 dyocesis
1784 3936 1902 4038 publi·
1938 3955 2046 4023 (smus

218 4069 286 4124 cns
311 4044 525 4122 auctoritate
555 4042 728 4144 imperiali
759 4045 936 4136 notanus,
968 4040 1143 4144 predictis
1175 4040 1334 4116 omnibus
1368 4049 1406 4116 et
1432 4039 1583 4138 singulis
1615 4063 1686 4114 nna
1712 4062 1791 4115 cunr
1816 4037 1843 4116 J
1850 4062 1902 4114 o·
1915 4025 1945 4082 b
1953 4026 2071 4088 ΝΜ)

218 4147 363 4226 banne
395 4159 433 4226 et
457 4149 483 4224 J
489 4147 631 4224 acobo
662 4147 809 4222 notariis
834 4171 881 4224 ac
906 4148 1060 4224 testibus
1088 4143 1305 4247 prescriptis
1334 4141 1415 4218 duur
1442 4141 1499 4218 sic
1525 4151 1718 4242 agerentur
1747 4149 1925 4243 presens'

217 4251 360 4328 interlui
384 4275 511 4352 meque
536 4275 615 4328 cum
642 4251 747 4350 signo
773 4261 949 4326 consneto
974 4249 1035 4326 lrio
1061 4248 1262 4350 subscripsi
1285 4247 1321 4324 in
1347 4245 1582 4324 testimoninm
1607 4245 1869 4347 premissorum.

863 4603 1267 4616 m
