<?xml version="1.0" encoding="UTF-8"?>
<!DOCTYPE html PUBLIC "-//W3C//DTD XHTML 1.0 Transitional//EN"
    "http://www.w3.org/TR/xhtml1/DTD/xhtml1-transitional.dtd">
<html xmlns="http://www.w3.org/1999/xhtml" xml:lang="en" lang="en">
 <head>
  <title>
</title>
<meta http-equiv="Content-Type" content="text/html;charset=utf-8" />
  <meta name='ocr-system' content='tesseract 3.04.00' />
  <meta name='ocr-capabilities' content='ocr_page ocr_carea ocr_par ocr_line ocrx_word'/>
</head>
<body>
  <div class='ocr_page' id='page_1' title='image "./urkundenzurgesc00stengoog_0469.png"; bbox 0 0 4552 5786; ppageno 0'>
   <div class='ocr_carea' id='block_1_1' title="bbox 384 545 1439 623">
    <p class='ocr_par' dir='ltr' id='par_1_1' title="bbox 384 545 1439 623">
     <span class='ocr_line' id='line_1_1' title="bbox 384 545 1439 623; baseline -0.003 0"><span class='ocrx_word' id='word_1_1' title='bbox 384 545 462 623; x_wconf 73' lang='grc'><strong>364</strong></span> <span class='ocrx_word' id='word_1_2' title='bbox 947 552 960 589; x_wconf 83' lang='grc'><em>”</em></span> <span class='ocrx_word' id='word_1_3' title='bbox 1014 547 1225 620; x_wconf 76' lang='lat' dir='ltr'><strong>Urluadsu.</strong></span> <span class='ocrx_word' id='word_1_4' title='bbox 1280 547 1439 620; x_wconf 73' lang='grc' dir='ltr'><strong><em>αὈΙΧ.</em></strong></span> 
     </span>
    </p>
   </div>
   <div class='ocr_carea' id='block_1_2' title="bbox 301 747 2171 4877">
    <p class='ocr_par' dir='ltr' id='par_1_2' title="bbox 301 747 2171 4877">
     <span class='ocr_line' id='line_1_2' title="bbox 385 747 2079 852; baseline -0.003 -19"><span class='ocrx_word' id='word_1_5' title='bbox 385 757 535 833; x_wconf 86' lang='lat' dir='ltr'><strong>strictos</strong></span> <span class='ocrx_word' id='word_1_6' title='bbox 565 774 614 830; x_wconf 81' lang='lat' dir='ltr'><strong>cx</strong></span> <span class='ocrx_word' id='word_1_7' title='bbox 650 751 822 828; x_wconf 87' lang='lat' dir='ltr'><strong>communi</strong></span> <span class='ocrx_word' id='word_1_8' title='bbox 861 749 1023 825; x_wconf 70' lang='lat' dir='ltr'><strong>terrestri</strong></span> <span class='ocrx_word' id='word_1_9' title='bbox 1055 772 1236 828; x_wconf 86' lang='lat' dir='ltr'><strong>consenso</strong></span> <span class='ocrx_word' id='word_1_10' title='bbox 1273 751 1535 842; x_wconf 76' lang='lat' dir='ltr'><strong>consentirent,</strong></span> <span class='ocrx_word' id='word_1_11' title='bbox 1576 749 1692 828; x_wconf 73' lang='lat' dir='ltr'><strong>seur</strong></span> <span class='ocrx_word' id='word_1_12' title='bbox 1730 749 1884 852; x_wconf 86' lang='lat' dir='ltr'><strong>predicti</strong></span> <span class='ocrx_word' id='word_1_13' title='bbox 1917 747 2079 828; x_wconf 82' lang='lat' dir='ltr'><strong>lremlnes</strong></span> 
     </span>
     <span class='ocr_line' id='line_1_3' title="bbox 385 851 2080 950; baseline -0.004 -14"><span class='ocrx_word' id='word_1_14' title='bbox 385 859 434 938; x_wconf 93' lang='lat' dir='ltr'><strong>de</strong></span> <span class='ocrx_word' id='word_1_15' title='bbox 461 856 705 950; x_wconf 83' lang='lat' dir='ltr'><strong>Cnsteutal</strong></span> <span class='ocrx_word' id='word_1_16' title='bbox 741 853 789 930; x_wconf 91' lang='lat' dir='ltr'><strong>de</strong></span> <span class='ocrx_word' id='word_1_17' title='bbox 816 853 889 929; x_wconf 88' lang='lat' dir='ltr'><strong>alto</strong></span> <span class='ocrx_word' id='word_1_18' title='bbox 917 864 955 928; x_wconf 89' lang='lat' dir='ltr'><strong>et</strong></span> <span class='ocrx_word' id='word_1_19' title='bbox 980 855 1093 928; x_wconf 85' lang='lat' dir='ltr'><strong>basso</strong></span> <span class='ocrx_word' id='word_1_20' title='bbox 1127 877 1205 928; x_wconf 91' lang='lat' dir='ltr'><strong>cum</strong></span> <span class='ocrx_word' id='word_1_21' title='bbox 1233 854 1290 930; x_wconf 90' lang='lat' dir='ltr'><strong>eis</strong></span> <span class='ocrx_word' id='word_1_22' title='bbox 1316 879 1361 930; x_wconf 89' lang='lat' dir='ltr'><strong>se</strong></span> <span class='ocrx_word' id='word_1_23' title='bbox 1387 855 1609 931; x_wconf 84' lang='lat' dir='ltr'><strong>conlunuare</strong></span> <span class='ocrx_word' id='word_1_24' title='bbox 1634 851 1781 946; x_wconf 87' lang='lat' dir='ltr'><strong>debent,</strong></span> <span class='ocrx_word' id='word_1_25' title='bbox 1809 855 1925 932; x_wconf 92' lang='lat' dir='ltr'><strong>eciam</strong></span> <span class='ocrx_word' id='word_1_26' title='bbox 1951 853 1987 946; x_wconf 53' lang='lat' dir='ltr'><strong>si,</strong></span> <span class='ocrx_word' id='word_1_27' title='bbox 2009 853 2080 930; x_wconf 86' lang='lat' dir='ltr'><strong>do·</strong></span> 
     </span>
     <span class='ocr_line' id='line_1_4' title="bbox 301 953 2082 1060; baseline -0.005 -20"><span class='ocrx_word' id='word_1_28' title='bbox 301 1009 304 1018; x_wconf 79' lang='grc'>·</span> <span class='ocrx_word' id='word_1_29' title='bbox 385 964 468 1040; x_wconf 89' lang='lat' dir='ltr'><strong>mini</strong></span> <span class='ocrx_word' id='word_1_30' title='bbox 491 960 753 1037; x_wconf 87' lang='lat' dir='ltr'><strong>Koslenses</strong></span> <span class='ocrx_word' id='word_1_31' title='bbox 779 979 915 1032; x_wconf 86' lang='lat' dir='ltr'><strong>uxores</strong></span> <span class='ocrx_word' id='word_1_32' title='bbox 942 953 1090 1048; x_wconf 90' lang='lat' dir='ltr'><strong>ducere,</strong></span> <span class='ocrx_word' id='word_1_33' title='bbox 1116 957 1228 1032; x_wconf 84' lang='lat' dir='ltr'><strong>dilios</strong></span> <span class='ocrx_word' id='word_1_34' title='bbox 1255 955 1499 1060; x_wconf 70' lang='lat' dir='ltr'><strong>desponsare,</strong></span> <span class='ocrx_word' id='word_1_35' title='bbox 1526 955 1638 1033; x_wconf 82' lang='lat' dir='ltr'><strong>ffilias</strong></span> <span class='ocrx_word' id='word_1_36' title='bbox 1663 958 1830 1034; x_wconf 86' lang='lat' dir='ltr'><strong>maritare</strong></span> <span class='ocrx_word' id='word_1_37' title='bbox 1856 959 2082 1057; x_wconf 80' lang='lat' dir='ltr'><strong>contingeret</strong></span> 
     </span>
     <span class='ocr_line' id='line_1_5' title="bbox 387 1058 2080 1153; baseline -0.005 -10"><span class='ocrx_word' id='word_1_38' title='bbox 387 1081 425 1144; x_wconf 88' lang='lat' dir='ltr'><strong>ct</strong></span> <span class='ocrx_word' id='word_1_39' title='bbox 451 1063 511 1141; x_wconf 87' lang='lat' dir='ltr'><strong>alii</strong></span> <span class='ocrx_word' id='word_1_40' title='bbox 536 1061 669 1138; x_wconf 81' lang='lat' dir='ltr'><strong>vasalli</strong></span> <span class='ocrx_word' id='word_1_41' title='bbox 695 1062 729 1135; x_wconf 92' lang='lat' dir='ltr'><strong>iu</strong></span> <span class='ocrx_word' id='word_1_42' title='bbox 756 1074 929 1138; x_wconf 84' lang='lat' dir='ltr'><strong>stewram</strong></span> <span class='ocrx_word' id='word_1_43' title='bbox 956 1061 1002 1134; x_wconf 85' lang='lat' dir='ltr'><strong>alr</strong></span> <span class='ocrx_word' id='word_1_44' title='bbox 1030 1083 1149 1136; x_wconf 91' lang='lat' dir='ltr'><strong>eorum</strong></span> <span class='ocrx_word' id='word_1_45' title='bbox 1176 1060 1373 1136; x_wconf 87' lang='lat' dir='ltr'><strong>homiuibus</strong></span> <span class='ocrx_word' id='word_1_46' title='bbox 1400 1073 1437 1136; x_wconf 94' lang='lat' dir='ltr'><strong>et</strong></span> <span class='ocrx_word' id='word_1_47' title='bbox 1462 1059 1616 1135; x_wconf 89' lang='lat' dir='ltr'><strong>subditis</strong></span> <span class='ocrx_word' id='word_1_48' title='bbox 1643 1058 1799 1136; x_wconf 87' lang='lat' dir='ltr'><strong>daudam</strong></span> <span class='ocrx_word' id='word_1_49' title='bbox 1825 1062 2080 1153; x_wconf 81' lang='lat' dir='ltr'><strong>consentirent,</strong></span> 
     </span>
     <span class='ocr_line' id='line_1_6' title="bbox 385 1162 2082 1272; baseline -0.002 -26"><span class='ocrx_word' id='word_1_50' title='bbox 385 1169 457 1272; x_wconf 88' lang='lat' dir='ltr'><strong>ipsi</strong></span> <span class='ocrx_word' id='word_1_51' title='bbox 482 1168 644 1243; x_wconf 87' lang='lat' dir='ltr'><strong>homiues</strong></span> <span class='ocrx_word' id='word_1_52' title='bbox 671 1163 786 1241; x_wconf 88' lang='lat' dir='ltr'><strong>eciam</strong></span> <span class='ocrx_word' id='word_1_53' title='bbox 814 1187 863 1240; x_wconf 87' lang='lat' dir='ltr'><strong>ex</strong></span> <span class='ocrx_word' id='word_1_54' title='bbox 889 1162 1132 1241; x_wconf 84' lang='lat' dir='ltr'><strong>Costeutal</strong></span> <span class='ocrx_word' id='word_1_55' title='bbox 1159 1163 1214 1240; x_wconf 88' lang='lat' dir='ltr'><strong>eis</strong></span> <span class='ocrx_word' id='word_1_56' title='bbox 1241 1189 1285 1240; x_wconf 89' lang='lat' dir='ltr'><strong>se</strong></span> <span class='ocrx_word' id='word_1_57' title='bbox 1312 1163 1536 1240; x_wconf 79' lang='lat' dir='ltr'><strong>coul‘ormnre</strong></span> <span class='ocrx_word' id='word_1_58' title='bbox 1563 1175 1646 1239; x_wconf 87' lang='lat' dir='ltr'><strong>suut</strong></span> <span class='ocrx_word' id='word_1_59' title='bbox 1671 1165 1831 1264; x_wconf 81' lang='lat' dir='ltr'><strong>obligati.</strong></span> <span class='ocrx_word' id='word_1_60' title='bbox 1891 1163 1973 1242; x_wconf 83' lang='lat' dir='ltr'><strong>sed</strong></span> <span class='ocrx_word' id='word_1_61' title='bbox 1999 1165 2082 1265; x_wconf 73' lang='lat' dir='ltr'><strong>qnia</strong></span> 
     </span>
     <span class='ocr_line' id='line_1_7' title="bbox 386 1265 2081 1376; baseline -0.005 -28"><span class='ocrx_word' id='word_1_62' title='bbox 386 1274 423 1348; x_wconf 90' lang='lat' dir='ltr'><strong>in</strong></span> <span class='ocrx_word' id='word_1_63' title='bbox 447 1269 614 1376; x_wconf 90' lang='lat' dir='ltr'><strong>predicta</strong></span> <span class='ocrx_word' id='word_1_64' title='bbox 642 1269 732 1342; x_wconf 78' lang='lat' dir='ltr'><strong>villa</strong></span> <span class='ocrx_word' id='word_1_65' title='bbox 758 1265 1004 1344; x_wconf 76' lang='lat' dir='ltr'><strong>Contenta!</strong></span> <span class='ocrx_word' id='word_1_66' title='bbox 1038 1267 1292 1366; x_wconf 79' lang='lat' dir='ltr'><strong>quinquaginta</strong></span> <span class='ocrx_word' id='word_1_67' title='bbox 1325 1290 1469 1343; x_wconf 90' lang='lat' dir='ltr'><strong>marcas</strong></span> <span class='ocrx_word' id='word_1_68' title='bbox 1501 1268 1606 1342; x_wconf 89' lang='lat' dir='ltr'><strong>auuui</strong></span> <span class='ocrx_word' id='word_1_69' title='bbox 1640 1291 1775 1343; x_wconf 88' lang='lat' dir='ltr'><strong>census</strong></span> <span class='ocrx_word' id='word_1_70' title='bbox 1807 1269 1842 1342; x_wconf 90' lang='lat' dir='ltr'><strong>iu</strong></span> <span class='ocrx_word' id='word_1_71' title='bbox 1878 1268 2081 1370; x_wconf 80' lang='lat' dir='ltr'><strong>quingentis</strong></span> 
     </span>
     <span class='ocr_line' id='line_1_8' title="bbox 387 1369 2080 1473; baseline -0.003 -20"><span class='ocrx_word' id='word_1_72' title='bbox 387 1375 520 1453; x_wconf 87' lang='lat' dir='ltr'><strong>mareis</strong></span> <span class='ocrx_word' id='word_1_73' title='bbox 545 1375 693 1449; x_wconf 90' lang='lat' dir='ltr'><strong>latorum</strong></span> <span class='ocrx_word' id='word_1_74' title='bbox 722 1395 927 1470; x_wconf 79' lang='lat' dir='ltr'><strong>grossorum</strong></span> <span class='ocrx_word' id='word_1_75' title='bbox 954 1370 1235 1447; x_wconf 87' lang='lat' dir='ltr'><strong>llohamicalium</strong></span> <span class='ocrx_word' id='word_1_76' title='bbox 1262 1371 1394 1447; x_wconf 91' lang='lat' dir='ltr'><strong>uumeri</strong></span> <span class='ocrx_word' id='word_1_77' title='bbox 1420 1369 1643 1448; x_wconf 87' lang='lat' dir='ltr'><strong>Polouicalis</strong></span> <span class='ocrx_word' id='word_1_78' title='bbox 1674 1373 1720 1446; x_wconf 88' lang='lat' dir='ltr'><strong>ab</strong></span> <span class='ocrx_word' id='word_1_79' title='bbox 1748 1372 1922 1473; x_wconf 88' lang='lat' dir='ltr'><strong>episcopo</strong></span> <span class='ocrx_word' id='word_1_80' title='bbox 1950 1383 1988 1448; x_wconf 89' lang='lat' dir='ltr'><strong>et</strong></span> <span class='ocrx_word' id='word_1_81' title='bbox 2014 1397 2080 1448; x_wconf 87' lang='lat' dir='ltr'><strong>ee·</strong></span> 
     </span>
     <span class='ocr_line' id='line_1_9' title="bbox 388 1471 2080 1576; baseline -0.006 -18"><span class='ocrx_word' id='word_1_82' title='bbox 388 1479 507 1558; x_wconf 87' lang='lat' dir='ltr'><strong>clesia</strong></span> <span class='ocrx_word' id='word_1_83' title='bbox 530 1474 923 1552; x_wconf 85' lang='lat' dir='ltr'><strong>Wratislawiensi</strong></span> <span class='ocrx_word' id='word_1_84' title='bbox 950 1473 1022 1548; x_wconf 93' lang='lat' dir='ltr'><strong>siut</strong></span> <span class='ocrx_word' id='word_1_85' title='bbox 1045 1474 1242 1574; x_wconf 89' lang='lat' dir='ltr'><strong>inscriptus</strong></span> <span class='ocrx_word' id='word_1_86' title='bbox 1274 1473 1386 1572; x_wconf 79' lang='lat' dir='ltr'><strong>(sici)</strong></span> <span class='ocrx_word' id='word_1_87' title='bbox 1422 1471 1564 1550; x_wconf 91' lang='lat' dir='ltr'><strong>cuidam</strong></span> <span class='ocrx_word' id='word_1_88' title='bbox 1590 1474 1916 1576; x_wconf 77' lang='lat' dir='ltr'><strong>Erlehawpte,</strong></span> <span class='ocrx_word' id='word_1_89' title='bbox 1950 1475 1986 1550; x_wconf 92' lang='lat' dir='ltr'><strong>in</strong></span> <span class='ocrx_word' id='word_1_90' title='bbox 2013 1499 2080 1552; x_wconf 90' lang='lat' dir='ltr'><strong>cu·-</strong></span> 
     </span>
     <span class='ocr_line' id='line_1_10' title="bbox 381 1577 2079 1685; baseline -0.004 -26"><span class='ocrx_word' id='word_1_91' title='bbox 381 1589 448 1685; x_wconf 85' lang='lat' dir='ltr'><strong>jns</strong></span> <span class='ocrx_word' id='word_1_92' title='bbox 467 1587 533 1683; x_wconf 84' lang='lat' dir='ltr'><strong>jus</strong></span> <span class='ocrx_word' id='word_1_93' title='bbox 560 1580 745 1658; x_wconf 87' lang='lat' dir='ltr'><strong>suecessit</strong></span> <span class='ocrx_word' id='word_1_94' title='bbox 770 1579 863 1654; x_wconf 88' lang='lat' dir='ltr'><strong>Kra</strong></span> <span class='ocrx_word' id='word_1_95' title='bbox 902 1577 1066 1653; x_wconf 80' lang='lat' dir='ltr'><strong>switen</strong></span> <span class='ocrx_word' id='word_1_96' title='bbox 1097 1577 1244 1654; x_wconf 87' lang='lat' dir='ltr'><strong>racione</strong></span> <span class='ocrx_word' id='word_1_97' title='bbox 1275 1577 1517 1653; x_wconf 87' lang='lat' dir='ltr'><strong>maritaeionis</strong></span> <span class='ocrx_word' id='word_1_98' title='bbox 1549 1577 1623 1653; x_wconf 88' lang='lat' dir='ltr'><strong>lille</strong></span> <span class='ocrx_word' id='word_1_99' title='bbox 1649 1579 1765 1679; x_wconf 87' lang='lat' dir='ltr'><strong>ipsius</strong></span> <span class='ocrx_word' id='word_1_100' title='bbox 1789 1577 2079 1679; x_wconf 81' lang='lat' dir='ltr'><strong>Erlehawpt,</strong></span> 
     </span>
     <span class='ocr_line' id='line_1_11' title="bbox 387 1679 2080 1786; baseline -0.005 -22"><span class='ocrx_word' id='word_1_101' title='bbox 387 1689 444 1764; x_wconf 89' lang='lat' dir='ltr'><strong>sic</strong></span> <span class='ocrx_word' id='word_1_102' title='bbox 471 1683 565 1786; x_wconf 86' lang='lat' dir='ltr'><strong>quod</strong></span> <span class='ocrx_word' id='word_1_103' title='bbox 590 1693 675 1785; x_wconf 87' lang='lat' dir='ltr'><strong>post</strong></span> <span class='ocrx_word' id='word_1_104' title='bbox 702 1683 830 1756; x_wconf 90' lang='lat' dir='ltr'><strong>multas</strong></span> <span class='ocrx_word' id='word_1_105' title='bbox 883 1681 1088 1756; x_wconf 85' lang='lat' dir='ltr'><strong>illereucias</strong></span> <span class='ocrx_word' id='word_1_106' title='bbox 1117 1679 1193 1755; x_wconf 85' lang='lat' dir='ltr'><strong>dux</strong></span> <span class='ocrx_word' id='word_1_107' title='bbox 1218 1681 1466 1757; x_wconf 86' lang='lat' dir='ltr'><strong>Koslensis</strong></span> <span class='ocrx_word' id='word_1_108' title='bbox 1493 1679 1610 1757; x_wconf 94' lang='lat' dir='ltr'><strong>eidem</strong></span> <span class='ocrx_word' id='word_1_109' title='bbox 1627 1681 1929 1782; x_wconf 86' lang='lat' dir='ltr'><strong>Krayswitez</strong></span> <span class='ocrx_word' id='word_1_110' title='bbox 1955 1680 2080 1783; x_wconf 93' lang='lat' dir='ltr'><strong>predi·</strong></span> 
     </span>
     <span class='ocr_line' id='line_1_12' title="bbox 388 1782 2079 1886; baseline -0.005 -18"><span class='ocrx_word' id='word_1_111' title='bbox 388 1803 482 1869; x_wconf 87' lang='lat' dir='ltr'><strong>etam</strong></span> <span class='ocrx_word' id='word_1_112' title='bbox 510 1812 678 1864; x_wconf 90' lang='lat' dir='ltr'><strong>summam</strong></span> <span class='ocrx_word' id='word_1_113' title='bbox 704 1786 970 1886; x_wconf 84' lang='lat' dir='ltr'><strong>quingeutarum</strong></span> <span class='ocrx_word' id='word_1_114' title='bbox 997 1809 1192 1860; x_wconf 88' lang='lat' dir='ltr'><strong>marcarum</strong></span> <span class='ocrx_word' id='word_1_115' title='bbox 1220 1783 1329 1859; x_wconf 85' lang='lat' dir='ltr'><strong>solvit</strong></span> <span class='ocrx_word' id='word_1_116' title='bbox 1355 1795 1392 1860; x_wconf 92' lang='lat' dir='ltr'><strong>et</strong></span> <span class='ocrx_word' id='word_1_117' title='bbox 1418 1782 1466 1860; x_wconf 93' lang='lat' dir='ltr'><strong>de</strong></span> <span class='ocrx_word' id='word_1_118' title='bbox 1493 1785 1595 1860; x_wconf 88' lang='lat' dir='ltr'><strong>bonis</strong></span> <span class='ocrx_word' id='word_1_119' title='bbox 1623 1783 1871 1861; x_wconf 84' lang='lat' dir='ltr'><strong>Costeutal</strong></span> <span class='ocrx_word' id='word_1_120' title='bbox 1899 1810 1943 1862; x_wconf 89' lang='lat' dir='ltr'><strong>se</strong></span> <span class='ocrx_word' id='word_1_121' title='bbox 1967 1785 2079 1860; x_wconf 88' lang='lat' dir='ltr'><strong>intro·</strong></span> 
     </span>
     <span class='ocr_line' id='line_1_13' title="bbox 387 1885 2078 1990; baseline -0.004 -20"><span class='ocrx_word' id='word_1_122' title='bbox 387 1893 498 1984; x_wconf 86' lang='lat' dir='ltr'><strong>misit,</strong></span> <span class='ocrx_word' id='word_1_123' title='bbox 533 1916 580 1967; x_wconf 87' lang='lat' dir='ltr'><strong>ea</strong></span> <span class='ocrx_word' id='word_1_124' title='bbox 606 1888 653 1964; x_wconf 93' lang='lat' dir='ltr'><strong>de</strong></span> <span class='ocrx_word' id='word_1_125' title='bbox 681 1914 797 1965; x_wconf 84' lang='lat' dir='ltr'><strong>causa</strong></span> <span class='ocrx_word' id='word_1_126' title='bbox 823 1887 985 1963; x_wconf 89' lang='lat' dir='ltr'><strong>dominus</strong></span> <span class='ocrx_word' id='word_1_127' title='bbox 1019 1889 1215 1988; x_wconf 87' lang='lat' dir='ltr'><strong>episcopus</strong></span> <span class='ocrx_word' id='word_1_128' title='bbox 1242 1887 1676 1964; x_wconf 88' lang='lat' dir='ltr'><strong>Wratislawieusis</strong></span> <span class='ocrx_word' id='word_1_129' title='bbox 1709 1885 1850 1963; x_wconf 92' lang='lat' dir='ltr'><strong>domiuo</strong></span> <span class='ocrx_word' id='word_1_130' title='bbox 1876 1887 2078 1990; x_wconf 81' lang='lat' dir='ltr'><strong>Schwy·</strong></span> 
     </span>
     <span class='ocr_line' id='line_1_14' title="bbox 369 1991 2078 2096; baseline -0.004 -24"><span class='ocrx_word' id='word_1_131' title='bbox 369 1995 584 2096; x_wconf 77' lang='lat' dir='ltr'><strong>&#39;howslry</strong></span> <span class='ocrx_word' id='word_1_132' title='bbox 609 1993 772 2094; x_wconf 80' lang='lat' dir='ltr'><strong>profesto</strong></span> <span class='ocrx_word' id='word_1_133' title='bbox 805 2017 836 2067; x_wconf 88' lang='lat' dir='ltr'><strong>s.</strong></span> <span class='ocrx_word' id='word_1_134' title='bbox 865 1991 1062 2066; x_wconf 80' lang='lat' dir='ltr'><strong>Michaelis</strong></span> <span class='ocrx_word' id='word_1_135' title='bbox 1094 1991 1255 2092; x_wconf 85' lang='lat' dir='ltr'><strong>proxime</strong></span> <span class='ocrx_word' id='word_1_136' title='bbox 1281 1991 1421 2067; x_wconf 82' lang='lat' dir='ltr'><strong>uenturi</strong></span> <span class='ocrx_word' id='word_1_137' title='bbox 1453 1993 1667 2090; x_wconf 83' lang='lat' dir='ltr'><strong>quingentas</strong></span> <span class='ocrx_word' id='word_1_138' title='bbox 1693 2017 1837 2068; x_wconf 87' lang='lat' dir='ltr'><strong>mareas</strong></span> <span class='ocrx_word' id='word_1_139' title='bbox 1873 2017 2078 2091; x_wconf 83' lang='lat' dir='ltr'><strong>grossorum</strong></span> 
     </span>
     <span class='ocr_line' id='line_1_15' title="bbox 387 2093 2079 2196; baseline -0.004 -22"><span class='ocrx_word' id='word_1_140' title='bbox 387 2096 668 2175; x_wconf 88' lang='lat' dir='ltr'><strong>Bohemiealium</strong></span> <span class='ocrx_word' id='word_1_141' title='bbox 695 2095 828 2171; x_wconf 93' lang='lat' dir='ltr'><strong>numeri</strong></span> <span class='ocrx_word' id='word_1_142' title='bbox 856 2094 1077 2170; x_wconf 86' lang='lat' dir='ltr'><strong>Polouioalis</strong></span> <span class='ocrx_word' id='word_1_143' title='bbox 1104 2093 1194 2170; x_wconf 88' lang='lat' dir='ltr'><strong>dare</strong></span> <span class='ocrx_word' id='word_1_144' title='bbox 1227 2105 1264 2171; x_wconf 90' lang='lat' dir='ltr'><strong>et</strong></span> <span class='ocrx_word' id='word_1_145' title='bbox 1288 2093 1323 2169; x_wconf 95' lang='lat' dir='ltr'><strong>in</strong></span> <span class='ocrx_word' id='word_1_146' title='bbox 1350 2094 1501 2170; x_wconf 84' lang='lat' dir='ltr'><strong>Kozel</strong></span> <span class='ocrx_word' id='word_1_147' title='bbox 1534 2119 1711 2195; x_wconf 88' lang='lat' dir='ltr'><strong>reponere</strong></span> <span class='ocrx_word' id='word_1_148' title='bbox 1738 2093 1787 2170; x_wconf 92' lang='lat' dir='ltr'><strong>ad</strong></span> <span class='ocrx_word' id='word_1_149' title='bbox 1812 2096 1928 2196; x_wconf 84' lang='lat' dir='ltr'><strong>ipsius</strong></span> <span class='ocrx_word' id='word_1_150' title='bbox 1956 2121 2079 2170; x_wconf 87' lang='lat' dir='ltr'><strong>manus</strong></span> 
     </span>
     <span class='ocr_line' id='line_1_16' title="bbox 387 2197 2080 2299; baseline -0.002 -21"><span class='ocrx_word' id='word_1_151' title='bbox 387 2213 540 2280; x_wconf 89' lang='lat' dir='ltr'><strong>terretur.</strong></span> <span class='ocrx_word' id='word_1_152' title='bbox 594 2197 696 2278; x_wconf 87' lang='lat' dir='ltr'><strong>Casu</strong></span> <span class='ocrx_word' id='word_1_153' title='bbox 724 2199 757 2273; x_wconf 83' lang='lat' dir='ltr'><strong>si</strong></span> <span class='ocrx_word' id='word_1_154' title='bbox 783 2198 863 2298; x_wconf 85' lang='lat' dir='ltr'><strong>quis</strong></span> <span class='ocrx_word' id='word_1_155' title='bbox 889 2197 1064 2272; x_wconf 92' lang='lat' dir='ltr'><strong>domiuum</strong></span> <span class='ocrx_word' id='word_1_156' title='bbox 1091 2198 1299 2298; x_wconf 87' lang='lat' dir='ltr'><strong>episcopum</strong></span> <span class='ocrx_word' id='word_1_157' title='bbox 1325 2198 1769 2276; x_wconf 86' lang='lat' dir='ltr'><strong>Wratislawiensem</strong></span> <span class='ocrx_word' id='word_1_158' title='bbox 1804 2213 1840 2274; x_wconf 88' lang='lat' dir='ltr'><strong>et</strong></span> <span class='ocrx_word' id='word_1_159' title='bbox 1875 2204 1957 2299; x_wconf 90' lang='lat' dir='ltr'><strong>ejus</strong></span> <span class='ocrx_word' id='word_1_160' title='bbox 1992 2225 2080 2276; x_wconf 90' lang='lat' dir='ltr'><strong>suc·</strong></span> 
     </span>
     <span class='ocr_line' id='line_1_17' title="bbox 389 2299 2081 2404; baseline -0.003 -21"><span class='ocrx_word' id='word_1_161' title='bbox 389 2329 563 2383; x_wconf 86' lang='lat' dir='ltr'><strong>cessores</strong></span> <span class='ocrx_word' id='word_1_162' title='bbox 590 2303 786 2403; x_wconf 86' lang='lat' dir='ltr'><strong>episcopos</strong></span> <span class='ocrx_word' id='word_1_163' title='bbox 812 2301 954 2374; x_wconf 89' lang='lat' dir='ltr'><strong>Wrat.</strong></span> <span class='ocrx_word' id='word_1_164' title='bbox 981 2304 1066 2400; x_wconf 88' lang='lat' dir='ltr'><strong>jure</strong></span> <span class='ocrx_word' id='word_1_165' title='bbox 1091 2300 1207 2402; x_wconf 89' lang='lat' dir='ltr'><strong>ipsius</strong></span> <span class='ocrx_word' id='word_1_166' title='bbox 1233 2299 1506 2402; x_wconf 80' lang='lat' dir='ltr'><strong>Erlehawpt</strong></span> <span class='ocrx_word' id='word_1_167' title='bbox 1538 2313 1599 2377; x_wconf 88' lang='lat' dir='ltr'><strong>aut</strong></span> <span class='ocrx_word' id='word_1_168' title='bbox 1624 2301 1895 2404; x_wconf 80' lang='lat' dir='ltr'><strong>Krzyzwitz</strong></span> <span class='ocrx_word' id='word_1_169' title='bbox 1923 2311 1992 2402; x_wconf 87' lang='lat' dir='ltr'><strong>&#39;pro</strong></span> <span class='ocrx_word' id='word_1_170' title='bbox 2019 2301 2081 2378; x_wconf 90' lang='lat' dir='ltr'><strong>illa</strong></span> 
     </span>
     <span class='ocr_line' id='line_1_18' title="bbox 388 2401 2079 2508; baseline -0.001 -25"><span class='ocrx_word' id='word_1_171' title='bbox 388 2433 525 2484; x_wconf 88' lang='lat' dir='ltr'><strong>summa</strong></span> <span class='ocrx_word' id='word_1_172' title='bbox 550 2407 817 2506; x_wconf 84' lang='lat' dir='ltr'><strong>quingentarum</strong></span> <span class='ocrx_word' id='word_1_173' title='bbox 844 2427 1038 2478; x_wconf 86' lang='lat' dir='ltr'><strong>marearum</strong></span> <span class='ocrx_word' id='word_1_174' title='bbox 1066 2411 1128 2476; x_wconf 89' lang='lat' dir='ltr'><strong>aut</strong></span> <span class='ocrx_word' id='word_1_175' title='bbox 1152 2401 1241 2478; x_wconf 83' lang='lat' dir='ltr'><strong>villa</strong></span> <span class='ocrx_word' id='word_1_176' title='bbox 1267 2401 1515 2480; x_wconf 87' lang='lat' dir='ltr'><strong>Costeutal</strong></span> <span class='ocrx_word' id='word_1_177' title='bbox 1541 2405 1738 2506; x_wconf 87' lang='lat' dir='ltr'><strong>inquietare</strong></span> <span class='ocrx_word' id='word_1_178' title='bbox 1765 2415 1827 2481; x_wconf 87' lang='lat' dir='ltr'><strong>aut</strong></span> <span class='ocrx_word' id='word_1_179' title='bbox 1853 2412 1938 2506; x_wconf 90' lang='lat' dir='ltr'><strong>jure</strong></span> <span class='ocrx_word' id='word_1_180' title='bbox 1965 2405 2079 2508; x_wconf 89' lang='lat' dir='ltr'><strong>impe·</strong></span> 
     </span>
     <span class='ocr_line' id='line_1_19' title="bbox 388 2503 2080 2608; baseline -0.004 -18"><span class='ocrx_word' id='word_1_181' title='bbox 388 2526 468 2590; x_wconf 88' lang='lat' dir='ltr'><strong>tere</strong></span> <span class='ocrx_word' id='word_1_182' title='bbox 494 2509 617 2600; x_wconf 83' lang='lat' dir='ltr'><strong>vellet,</strong></span> <span class='ocrx_word' id='word_1_183' title='bbox 644 2521 778 2585; x_wconf 87' lang='lat' dir='ltr'><strong>extunc</strong></span> <span class='ocrx_word' id='word_1_184' title='bbox 805 2503 1341 2608; x_wconf 82' lang='lat' dir='ltr'><strong>domiuusSchwihowslry</strong></span> <span class='ocrx_word' id='word_1_185' title='bbox 1367 2519 1405 2584; x_wconf 93' lang='lat' dir='ltr'><strong>et</strong></span> <span class='ocrx_word' id='word_1_186' title='bbox 1436 2514 1519 2608; x_wconf 88' lang='lat' dir='ltr'><strong>ejus</strong></span> <span class='ocrx_word' id='word_1_187' title='bbox 1547 2532 1791 2585; x_wconf 76' lang='lat' dir='ltr'><strong>successores</strong></span> <span class='ocrx_word' id='word_1_188' title='bbox 1811 2506 2080 2585; x_wconf 86' lang='lat' dir='ltr'><strong>dominiKos-</strong></span> 
     </span>
     <span class='ocr_line' id='line_1_20' title="bbox 387 2607 2171 2712; baseline -0.002 -21"><span class='ocrx_word' id='word_1_189' title='bbox 387 2615 547 2691; x_wconf 89' lang='lat' dir='ltr'><strong>lenses</strong></span> <span class='ocrx_word' id='word_1_190' title='bbox 572 2613 687 2712; x_wconf 83' lang='lat' dir='ltr'><strong>ipsum</strong></span> <span class='ocrx_word' id='word_1_191' title='bbox 715 2607 888 2684; x_wconf 94' lang='lat' dir='ltr'><strong>domiuum</strong></span> <span class='ocrx_word' id='word_1_192' title='bbox 916 2609 1124 2710; x_wconf 86' lang='lat' dir='ltr'><strong>episcopum</strong></span> <span class='ocrx_word' id='word_1_193' title='bbox 1158 2619 1196 2686; x_wconf 90' lang='lat' dir='ltr'><strong>et</strong></span> <span class='ocrx_word' id='word_1_194' title='bbox 1227 2615 1309 2710; x_wconf 87' lang='lat' dir='ltr'><strong>ejus</strong></span> <span class='ocrx_word' id='word_1_195' title='bbox 1337 2634 1579 2687; x_wconf 88' lang='lat' dir='ltr'><strong>successores</strong></span> <span class='ocrx_word' id='word_1_196' title='bbox 1614 2621 1715 2688; x_wconf 92' lang='lat' dir='ltr'><strong>tuere</strong></span> <span class='ocrx_word' id='word_1_197' title='bbox 1742 2626 1780 2689; x_wconf 90' lang='lat' dir='ltr'><strong>et</strong></span> <span class='ocrx_word' id='word_1_198' title='bbox 1805 2613 1975 2689; x_wconf 87' lang='lat' dir='ltr'><strong>libertare</strong></span> <span class='ocrx_word' id='word_1_199' title='bbox 2001 2614 2079 2688; x_wconf 87' lang='lat' dir='ltr'><strong>sine</strong></span> <span class='ocrx_word' id='word_1_200' title='bbox 2166 2637 2171 2648; x_wconf 92' lang='lat'><strong>·</strong></span> 
     </span>
     <span class='ocr_line' id='line_1_21' title="bbox 389 2711 2078 2818; baseline -0.001 -25"><span class='ocrx_word' id='word_1_201' title='bbox 389 2717 481 2793; x_wconf 91' lang='lat' dir='ltr'><strong>omui</strong></span> <span class='ocrx_word' id='word_1_202' title='bbox 507 2715 659 2814; x_wconf 91' lang='lat' dir='ltr'><strong>dampno</strong></span> <span class='ocrx_word' id='word_1_203' title='bbox 693 2713 807 2814; x_wconf 92' lang='lat' dir='ltr'><strong>ipsius</strong></span> <span class='ocrx_word' id='word_1_204' title='bbox 835 2711 964 2787; x_wconf 91' lang='lat' dir='ltr'><strong>domini</strong></span> <span class='ocrx_word' id='word_1_205' title='bbox 990 2712 1154 2814; x_wconf 81' lang='lat' dir='ltr'><strong>episcopi</strong></span> <span class='ocrx_word' id='word_1_206' title='bbox 1180 2724 1343 2790; x_wconf 88' lang='lat' dir='ltr'><strong>terrentur</strong></span> <span class='ocrx_word' id='word_1_207' title='bbox 1373 2726 1410 2790; x_wconf 92' lang='lat' dir='ltr'><strong>et</strong></span> <span class='ocrx_word' id='word_1_208' title='bbox 1436 2725 1518 2790; x_wconf 83' lang='lat' dir='ltr'><strong>suut</strong></span> <span class='ocrx_word' id='word_1_209' title='bbox 1544 2715 1710 2815; x_wconf 85' lang='lat' dir='ltr'><strong>obligati,</strong></span> <span class='ocrx_word' id='word_1_210' title='bbox 1747 2717 1862 2792; x_wconf 86' lang='lat' dir='ltr'><strong>eciam</strong></span> <span class='ocrx_word' id='word_1_211' title='bbox 1896 2717 1983 2818; x_wconf 61' lang='lat' dir='ltr'><strong>qnia*</strong></span> <span class='ocrx_word' id='word_1_212' title='bbox 2011 2714 2078 2792; x_wconf 88' lang='lat' dir='ltr'><strong>do-</strong></span> 
     </span>
     <span class='ocr_line' id='line_1_22' title="bbox 343 2814 2077 2918; baseline -0.001 -24"><span class='ocrx_word' id='word_1_213' title='bbox 343 2905 348 2917; x_wconf 40' lang='lat'><strong>,</strong></span> <span class='ocrx_word' id='word_1_214' title='bbox 388 2819 504 2894; x_wconf 88' lang='lat' dir='ltr'><strong>miuus</strong></span> <span class='ocrx_word' id='word_1_215' title='bbox 529 2817 726 2894; x_wconf 79' lang='lat' dir='ltr'><strong>lliueailr</strong></span> <span class='ocrx_word' id='word_1_216' title='bbox 761 2814 810 2892; x_wconf 87' lang='lat' dir='ltr'><strong>ad</strong></span> <span class='ocrx_word' id='word_1_217' title='bbox 836 2817 919 2918; x_wconf 90' lang='lat' dir='ltr'><strong>ipsa</strong></span> <span class='ocrx_word' id='word_1_218' title='bbox 951 2817 1045 2892; x_wconf 86' lang='lat' dir='ltr'><strong>bona</strong></span> <span class='ocrx_word' id='word_1_219' title='bbox 1071 2815 1316 2896; x_wconf 83' lang='lat' dir='ltr'><strong>Cnsteutal</strong></span> <span class='ocrx_word' id='word_1_220' title='bbox 1343 2823 1408 2918; x_wconf 85' lang='lat' dir='ltr'><strong>jus</strong></span> <span class='ocrx_word' id='word_1_221' title='bbox 1435 2817 1615 2918; x_wconf 88' lang='lat' dir='ltr'><strong>pretendit</strong></span> <span class='ocrx_word' id='word_1_222' title='bbox 1647 2844 1691 2896; x_wconf 88' lang='lat' dir='ltr'><strong>se</strong></span> <span class='ocrx_word' id='word_1_223' title='bbox 1726 2819 1880 2912; x_wconf 83' lang='lat' dir='ltr'><strong>habere,</strong></span> <span class='ocrx_word' id='word_1_224' title='bbox 1917 2818 2077 2894; x_wconf 84' lang='lat' dir='ltr'><strong>domiuus</strong></span> 
     </span>
     <span class='ocr_line' id='line_1_23' title="bbox 388 2919 2076 3024; baseline -0.001 -24"><span class='ocrx_word' id='word_1_225' title='bbox 388 2920 749 3021; x_wconf 77' lang='lat' dir='ltr'><strong>Schwihowsky</strong></span> <span class='ocrx_word' id='word_1_226' title='bbox 775 2931 812 2996; x_wconf 92' lang='lat' dir='ltr'><strong>et</strong></span> <span class='ocrx_word' id='word_1_227' title='bbox 829 2944 1073 2999; x_wconf 86' lang='lat' dir='ltr'><strong>successores</strong></span> <span class='ocrx_word' id='word_1_228' title='bbox 1091 2925 1174 3020; x_wconf 87' lang='lat' dir='ltr'><strong>ejus</strong></span> <span class='ocrx_word' id='word_1_229' title='bbox 1191 2919 1322 2996; x_wconf 94' lang='lat' dir='ltr'><strong>domini</strong></span> <span class='ocrx_word' id='word_1_230' title='bbox 1338 2921 1601 2999; x_wconf 90' lang='lat' dir='ltr'><strong>Kosleuses</strong></span> <span class='ocrx_word' id='word_1_231' title='bbox 1620 2923 1722 3024; x_wconf 85' lang='lat' dir='ltr'><strong>ipsos</strong></span> <span class='ocrx_word' id='word_1_232' title='bbox 1739 2922 1902 2999; x_wconf 92' lang='lat' dir='ltr'><strong>homiues</strong></span> <span class='ocrx_word' id='word_1_233' title='bbox 1920 2921 1967 2998; x_wconf 93' lang='lat' dir='ltr'><strong>de</strong></span> <span class='ocrx_word' id='word_1_234' title='bbox 1984 2920 2076 3002; x_wconf 86' lang='lat' dir='ltr'><strong>Co·</strong></span> 
     </span>
     <span class='ocr_line' id='line_1_24' title="bbox 388 3021 2078 3127; baseline -0.001 -26"><span class='ocrx_word' id='word_1_235' title='bbox 388 3025 564 3101; x_wconf 87' lang='lat' dir='ltr'><strong>steutal</strong></span> <span class='ocrx_word' id='word_1_236' title='bbox 590 3027 636 3098; x_wconf 89' lang='lat' dir='ltr'><strong>ab</strong></span> <span class='ocrx_word' id='word_1_237' title='bbox 662 3025 742 3124; x_wconf 90' lang='lat' dir='ltr'><strong>ipso</strong></span> <span class='ocrx_word' id='word_1_238' title='bbox 770 3021 911 3099; x_wconf 92' lang='lat' dir='ltr'><strong>domiuo</strong></span> <span class='ocrx_word' id='word_1_239' title='bbox 937 3024 1138 3102; x_wconf 84' lang='lat' dir='ltr'><strong>Hiuezik</strong></span> <span class='ocrx_word' id='word_1_240' title='bbox 1169 3039 1206 3102; x_wconf 87' lang='lat' dir='ltr'><strong>et</strong></span> <span class='ocrx_word' id='word_1_241' title='bbox 1232 3050 1256 3100; x_wconf 91' lang='lat' dir='ltr'><strong>a</strong></span> <span class='ocrx_word' id='word_1_242' title='bbox 1281 3025 1438 3124; x_wconf 88' lang='lat' dir='ltr'><strong>quolibet</strong></span> <span class='ocrx_word' id='word_1_243' title='bbox 1463 3025 1553 3116; x_wconf 89' lang='lat' dir='ltr'><strong>alio,</strong></span> <span class='ocrx_word' id='word_1_244' title='bbox 1581 3027 1639 3126; x_wconf 87' lang='lat' dir='ltr'><strong>qui</strong></span> <span class='ocrx_word' id='word_1_245' title='bbox 1665 3052 1732 3102; x_wconf 86' lang='lat' dir='ltr'><strong>eos</strong></span> <span class='ocrx_word' id='word_1_246' title='bbox 1758 3027 1939 3104; x_wconf 84' lang='lat' dir='ltr'><strong>violencia</strong></span> <span class='ocrx_word' id='word_1_247' title='bbox 1963 3027 2078 3127; x_wconf 89' lang='lat' dir='ltr'><strong>ioqui-</strong></span> 
     </span>
     <span class='ocr_line' id='line_1_25' title="bbox 388 3125 2080 3232; baseline -0.001 -26"><span class='ocrx_word' id='word_1_248' title='bbox 388 3141 490 3206; x_wconf 90' lang='lat' dir='ltr'><strong>etare</strong></span> <span class='ocrx_word' id='word_1_249' title='bbox 517 3137 555 3204; x_wconf 90' lang='lat' dir='ltr'><strong>et</strong></span> <span class='ocrx_word' id='word_1_250' title='bbox 580 3125 835 3228; x_wconf 87' lang='lat' dir='ltr'><strong>dampnifioare</strong></span> <span class='ocrx_word' id='word_1_251' title='bbox 860 3125 985 3218; x_wconf 87' lang='lat' dir='ltr'><strong>vellet,</strong></span> <span class='ocrx_word' id='word_1_252' title='bbox 1012 3137 1114 3206; x_wconf 90' lang='lat' dir='ltr'><strong>tuere</strong></span> <span class='ocrx_word' id='word_1_253' title='bbox 1139 3139 1177 3204; x_wconf 93' lang='lat' dir='ltr'><strong>et</strong></span> <span class='ocrx_word' id='word_1_254' title='bbox 1202 3137 1395 3228; x_wconf 81' lang='lat' dir='ltr'><strong>protegere</strong></span> <span class='ocrx_word' id='word_1_255' title='bbox 1420 3139 1570 3206; x_wconf 89' lang='lat' dir='ltr'><strong>tenetur.</strong></span> <span class='ocrx_word' id='word_1_256' title='bbox 1630 3129 1672 3204; x_wconf 85' lang='lat' dir='ltr'><strong>Si</strong></span> <span class='ocrx_word' id='word_1_257' title='bbox 1705 3141 1824 3206; x_wconf 82' lang='lat' dir='ltr'><strong>arrtem</strong></span> <span class='ocrx_word' id='word_1_258' title='bbox 1857 3131 1939 3232; x_wconf 90' lang='lat' dir='ltr'><strong>ipse</strong></span> <span class='ocrx_word' id='word_1_259' title='bbox 1965 3127 2080 3205; x_wconf 91' lang='lat' dir='ltr'><strong>domi-</strong></span> 
     </span>
     <span class='ocr_line' id='line_1_26' title="bbox 325 3229 2080 3334; baseline 0 -25"><span class='ocrx_word' id='word_1_260' title='bbox 325 3243 327 3246; x_wconf 82' lang='grc'><strong>’</strong></span> <span class='ocrx_word' id='word_1_261' title='bbox 387 3259 456 3309; x_wconf 90' lang='lat' dir='ltr'><strong>nus</strong></span> <span class='ocrx_word' id='word_1_262' title='bbox 488 3231 687 3306; x_wconf 84' lang='lat' dir='ltr'><strong>Hiuczik</strong></span> <span class='ocrx_word' id='word_1_263' title='bbox 719 3239 780 3306; x_wconf 88' lang='lat' dir='ltr'><strong>aut</strong></span> <span class='ocrx_word' id='word_1_264' title='bbox 812 3230 943 3328; x_wconf 87' lang='lat' dir='ltr'><strong>aliquis</strong></span> <span class='ocrx_word' id='word_1_265' title='bbox 976 3255 1044 3306; x_wconf 91' lang='lat' dir='ltr'><strong>suo</strong></span> <span class='ocrx_word' id='word_1_266' title='bbox 1076 3235 1162 3330; x_wconf 85' lang='lat' dir='ltr'><strong>jure</strong></span> <span class='ocrx_word' id='word_1_267' title='bbox 1193 3229 1359 3332; x_wconf 88' lang='lat' dir='ltr'><strong>predicta</strong></span> <span class='ocrx_word' id='word_1_268' title='bbox 1392 3233 1485 3308; x_wconf 85' lang='lat' dir='ltr'><strong>boun</strong></span> <span class='ocrx_word' id='word_1_269' title='bbox 1521 3229 1764 3309; x_wconf 84' lang='lat' dir='ltr'><strong>Costeutal</strong></span> <span class='ocrx_word' id='word_1_270' title='bbox 1797 3235 1987 3334; x_wconf 87' lang='lat' dir='ltr'><strong>impeteret</strong></span> <span class='ocrx_word' id='word_1_271' title='bbox 2019 3247 2080 3308; x_wconf 89' lang='lat' dir='ltr'><strong>ant</strong></span> 
     </span>
     <span class='ocr_line' id='line_1_27' title="bbox 388 3330 2080 3436; baseline -0.002 -24"><span class='ocrx_word' id='word_1_272' title='bbox 388 3331 690 3436; x_wconf 76' lang='lat' dir='ltr'><strong>apprehenderet,</strong></span> <span class='ocrx_word' id='word_1_273' title='bbox 718 3330 880 3408; x_wconf 85' lang='lat' dir='ltr'><strong>domiuus</strong></span> <span class='ocrx_word' id='word_1_274' title='bbox 907 3333 1104 3434; x_wconf 83' lang='lat' dir='ltr'><strong>episeopus</strong></span> <span class='ocrx_word' id='word_1_275' title='bbox 1121 3333 1544 3412; x_wconf 86' lang='lat' dir='ltr'><strong>Wratislawieusis</strong></span> <span class='ocrx_word' id='word_1_276' title='bbox 1571 3347 1608 3411; x_wconf 93' lang='lat' dir='ltr'><strong>et</strong></span> <span class='ocrx_word' id='word_1_277' title='bbox 1634 3341 1716 3436; x_wconf 88' lang='lat' dir='ltr'><strong>ejus</strong></span> <span class='ocrx_word' id='word_1_278' title='bbox 1739 3361 1984 3417; x_wconf 86' lang='lat' dir='ltr'><strong>successores</strong></span> <span class='ocrx_word' id='word_1_279' title='bbox 2003 3361 2080 3414; x_wconf 85' lang='lat' dir='ltr'><strong>eum</strong></span> 
     </span>
     <span class='ocr_line' id='line_1_28' title="bbox 391 3435 2081 3540; baseline -0.001 -24"><span class='ocrx_word' id='word_1_280' title='bbox 391 3437 543 3516; x_wconf 86' lang='lat' dir='ltr'><strong>corrsilio</strong></span> <span class='ocrx_word' id='word_1_281' title='bbox 570 3447 607 3510; x_wconf 92' lang='lat' dir='ltr'><strong>et</strong></span> <span class='ocrx_word' id='word_1_282' title='bbox 632 3435 766 3512; x_wconf 86' lang='lat' dir='ltr'><strong>auxilio</strong></span> <span class='ocrx_word' id='word_1_283' title='bbox 792 3435 909 3535; x_wconf 89' lang='lat' dir='ltr'><strong>ipsius</strong></span> <span class='ocrx_word' id='word_1_284' title='bbox 935 3435 1064 3512; x_wconf 91' lang='lat' dir='ltr'><strong>domini</strong></span> <span class='ocrx_word' id='word_1_285' title='bbox 1092 3436 1454 3540; x_wconf 83' lang='lat' dir='ltr'><strong>Schwihowsky</strong></span> <span class='ocrx_word' id='word_1_286' title='bbox 1487 3449 1549 3514; x_wconf 87' lang='lat' dir='ltr'><strong>aut</strong></span> <span class='ocrx_word' id='word_1_287' title='bbox 1580 3444 1663 3538; x_wconf 85' lang='lat' dir='ltr'><strong>ejus</strong></span> <span class='ocrx_word' id='word_1_288' title='bbox 1697 3441 1979 3518; x_wconf 86' lang='lat' dir='ltr'><strong>suecessoribus</strong></span> <span class='ocrx_word' id='word_1_289' title='bbox 2012 3438 2081 3514; x_wconf 90' lang='lat' dir='ltr'><strong>do-</strong></span> 
     </span>
     <span class='ocr_line' id='line_1_29' title="bbox 389 3538 2080 3644; baseline 0.002 -29"><span class='ocrx_word' id='word_1_290' title='bbox 389 3540 493 3616; x_wconf 86' lang='lat' dir='ltr'><strong>minis</strong></span> <span class='ocrx_word' id='word_1_291' title='bbox 515 3538 824 3614; x_wconf 88' lang='lat' dir='ltr'><strong>Kosleusibus</strong></span> <span class='ocrx_word' id='word_1_292' title='bbox 843 3545 930 3639; x_wconf 76' lang='lat' dir='ltr'><strong>&#39;June</strong></span> <span class='ocrx_word' id='word_1_293' title='bbox 954 3541 1045 3615; x_wconf 91' lang='lat' dir='ltr'><strong>tueri</strong></span> <span class='ocrx_word' id='word_1_294' title='bbox 1071 3549 1109 3616; x_wconf 90' lang='lat' dir='ltr'><strong>et</strong></span> <span class='ocrx_word' id='word_1_295' title='bbox 1135 3538 1285 3618; x_wconf 85' lang='lat' dir='ltr'><strong>delendi</strong></span> <span class='ocrx_word' id='word_1_296' title='bbox 1310 3567 1354 3618; x_wconf 88' lang='lat' dir='ltr'><strong>se</strong></span> <span class='ocrx_word' id='word_1_297' title='bbox 1379 3540 1502 3635; x_wconf 84' lang='lat' dir='ltr'><strong>debet.</strong></span> <span class='ocrx_word' id='word_1_298' title='bbox 1556 3541 1658 3624; x_wconf 84' lang='lat' dir='ltr'><strong>Casu</strong></span> <span class='ocrx_word' id='word_1_299' title='bbox 1685 3555 1816 3636; x_wconf 89' lang='lat' dir='ltr'><strong>autem,</strong></span> <span class='ocrx_word' id='word_1_300' title='bbox 1843 3545 1877 3620; x_wconf 90' lang='lat' dir='ltr'><strong>si</strong></span> <span class='ocrx_word' id='word_1_301' title='bbox 1903 3544 1985 3644; x_wconf 91' lang='lat' dir='ltr'><strong>ipse</strong></span> <span class='ocrx_word' id='word_1_302' title='bbox 2011 3541 2080 3620; x_wconf 88' lang='lat' dir='ltr'><strong>do·</strong></span> 
     </span>
     <span class='ocr_line' id='line_1_30' title="bbox 390 3642 2100 3746; baseline 0 -28"><span class='ocrx_word' id='word_1_303' title='bbox 390 3643 504 3718; x_wconf 77' lang='lat' dir='ltr'><strong>uuurrs</strong></span> <span class='ocrx_word' id='word_1_304' title='bbox 530 3642 734 3719; x_wconf 80' lang='lat' dir='ltr'><strong>lliuczik</strong></span> <span class='ocrx_word' id='word_1_305' title='bbox 760 3653 821 3716; x_wconf 89' lang='lat' dir='ltr'><strong>aut</strong></span> <span class='ocrx_word' id='word_1_306' title='bbox 848 3643 976 3741; x_wconf 84' lang='lat' dir='ltr'><strong>aliquis</strong></span> <span class='ocrx_word' id='word_1_307' title='bbox 1003 3667 1071 3718; x_wconf 90' lang='lat' dir='ltr'><strong>suo</strong></span> <span class='ocrx_word' id='word_1_308' title='bbox 1098 3647 1183 3742; x_wconf 90' lang='lat' dir='ltr'><strong>jure</strong></span> <span class='ocrx_word' id='word_1_309' title='bbox 1210 3669 1259 3720; x_wconf 85' lang='lat' dir='ltr'><strong>ex</strong></span> <span class='ocrx_word' id='word_1_310' title='bbox 1286 3643 1426 3722; x_wconf 88' lang='lat' dir='ltr'><strong>domiuo</strong></span> <span class='ocrx_word' id='word_1_311' title='bbox 1454 3647 1628 3746; x_wconf 88' lang='lat' dir='ltr'><strong>episeopo</strong></span> <span class='ocrx_word' id='word_1_312' title='bbox 1663 3671 1730 3746; x_wconf 91' lang='lat' dir='ltr'><strong>per</strong></span> <span class='ocrx_word' id='word_1_313' title='bbox 1754 3645 1905 3723; x_wconf 88' lang='lat' dir='ltr'><strong>medium</strong></span> <span class='ocrx_word' id='word_1_314' title='bbox 1925 3645 2024 3745; x_wconf 89' lang='lat' dir='ltr'><strong>juris</strong></span> <span class='ocrx_word' id='word_1_315' title='bbox 2049 3643 2100 3720; x_wconf 85' lang='lat' dir='ltr'><strong>iu‘</strong></span> 
     </span>
     <span class='ocr_line' id='line_1_31' title="bbox 359 3741 2080 3850; baseline 0.002 -30"><span class='ocrx_word' id='word_1_316' title='bbox 359 3741 493 3846; x_wconf 42' lang='lat' dir='ltr'><strong>⁸ipsis¹</strong></span> <span class='ocrx_word' id='word_1_317' title='bbox 515 3745 618 3820; x_wconf 83' lang='lat' dir='ltr'><strong>ltouis</strong></span> <span class='ocrx_word' id='word_1_318' title='bbox 651 3743 893 3822; x_wconf 86' lang='lat' dir='ltr'><strong>Costeutal</strong></span> <span class='ocrx_word' id='word_1_319' title='bbox 929 3745 1123 3838; x_wconf 87' lang='lat' dir='ltr'><strong>obtineret,</strong></span> <span class='ocrx_word' id='word_1_320' title='bbox 1161 3758 1295 3827; x_wconf 88' lang='lat' dir='ltr'><strong>extorre</strong></span> <span class='ocrx_word' id='word_1_321' title='bbox 1328 3746 1490 3824; x_wconf 88' lang='lat' dir='ltr'><strong>dominus</strong></span> <span class='ocrx_word' id='word_1_322' title='bbox 1516 3743 1907 3850; x_wconf 74' lang='lat' dir='ltr'><strong>Sschwihouslry</strong></span> <span class='ocrx_word' id='word_1_323' title='bbox 1925 3765 1973 3824; x_wconf 83' lang='lat' dir='ltr'><strong>&#39;et</strong></span> <span class='ocrx_word' id='word_1_324' title='bbox 1999 3753 2080 3849; x_wconf 88' lang='lat' dir='ltr'><strong>ejus</strong></span> 
     </span>
     <span class='ocr_line' id='line_1_32' title="bbox 390 3845 2079 3954; baseline 0.003 -32"><span class='ocrx_word' id='word_1_325' title='bbox 390 3871 634 3926; x_wconf 83' lang='lat' dir='ltr'><strong>successores</strong></span> <span class='ocrx_word' id='word_1_326' title='bbox 660 3845 790 3922; x_wconf 90' lang='lat' dir='ltr'><strong>domiui</strong></span> <span class='ocrx_word' id='word_1_327' title='bbox 814 3848 1079 3926; x_wconf 86' lang='lat' dir='ltr'><strong>Kosleuses</strong></span> <span class='ocrx_word' id='word_1_328' title='bbox 1104 3848 1240 3926; x_wconf 83' lang='lat' dir='ltr'><strong>debent</strong></span> <span class='ocrx_word' id='word_1_329' title='bbox 1265 3864 1303 3928; x_wconf 90' lang='lat' dir='ltr'><strong>et</strong></span> <span class='ocrx_word' id='word_1_330' title='bbox 1328 3863 1493 3928; x_wconf 88' lang='lat' dir='ltr'><strong>tenentur</strong></span> <span class='ocrx_word' id='word_1_331' title='bbox 1518 3849 1659 3926; x_wconf 91' lang='lat' dir='ltr'><strong>domiuo</strong></span> <span class='ocrx_word' id='word_1_332' title='bbox 1683 3853 1859 3954; x_wconf 82' lang='lat' dir='ltr'><strong>episcopo</strong></span> <span class='ocrx_word' id='word_1_333' title='bbox 1877 3853 2079 3928; x_wconf 88' lang='lat' dir='ltr'><strong>Wratis·</strong></span> 
     </span>
     <span class='ocr_line' id='line_1_33' title="bbox 389 3949 2080 4054; baseline 0.004 -30"><span class='ocrx_word' id='word_1_334' title='bbox 389 3949 604 4031; x_wconf 87' lang='lat' dir='ltr'><strong>lowieusi</strong></span> <span class='ocrx_word' id='word_1_335' title='bbox 631 3963 693 4026; x_wconf 89' lang='lat' dir='ltr'><strong>aut</strong></span> <span class='ocrx_word' id='word_1_336' title='bbox 719 3955 800 4048; x_wconf 86' lang='lat' dir='ltr'><strong>ejus</strong></span> <span class='ocrx_word' id='word_1_337' title='bbox 828 3952 1039 4028; x_wconf 77' lang='lat' dir='ltr'><strong>successori</strong></span> <span class='ocrx_word' id='word_1_338' title='bbox 1064 3951 1250 4052; x_wconf 88' lang='lat' dir='ltr'><strong>predictas</strong></span> <span class='ocrx_word' id='word_1_339' title='bbox 1283 3955 1498 4054; x_wconf 84' lang='lat' dir='ltr'><strong>quingentas</strong></span> <span class='ocrx_word' id='word_1_340' title='bbox 1524 3979 1666 4031; x_wconf 84' lang='lat' dir='ltr'><strong>mareas</strong></span> <span class='ocrx_word' id='word_1_341' title='bbox 1698 3955 1847 4032; x_wconf 91' lang='lat' dir='ltr'><strong>latorum</strong></span> <span class='ocrx_word' id='word_1_342' title='bbox 1873 3979 2080 4054; x_wconf 84' lang='lat' dir='ltr'><strong>grossorum</strong></span> 
     </span>
     <span class='ocr_line' id='line_1_34' title="bbox 390 4051 2080 4159; baseline 0.004 -31"><span class='ocrx_word' id='word_1_343' title='bbox 390 4051 671 4132; x_wconf 86' lang='lat' dir='ltr'><strong>Bohemicalium</strong></span> <span class='ocrx_word' id='word_1_344' title='bbox 695 4055 763 4130; x_wconf 89' lang='lat' dir='ltr'><strong>sub</strong></span> <span class='ocrx_word' id='word_1_345' title='bbox 790 4077 835 4130; x_wconf 91' lang='lat' dir='ltr'><strong>eo</strong></span> <span class='ocrx_word' id='word_1_346' title='bbox 861 4054 987 4130; x_wconf 89' lang='lat' dir='ltr'><strong>valore</strong></span> <span class='ocrx_word' id='word_1_347' title='bbox 1012 4068 1116 4155; x_wconf 89' lang='lat' dir='ltr'><strong>prout</strong></span> <span class='ocrx_word' id='word_1_348' title='bbox 1148 4058 1195 4130; x_wconf 93' lang='lat' dir='ltr'><strong>ab</strong></span> <span class='ocrx_word' id='word_1_349' title='bbox 1230 4081 1275 4133; x_wconf 90' lang='lat' dir='ltr'><strong>eo</strong></span> <span class='ocrx_word' id='word_1_350' title='bbox 1309 4058 1536 4159; x_wconf 88' lang='lat' dir='ltr'><strong>perceperint</strong></span> <span class='ocrx_word' id='word_1_351' title='bbox 1566 4059 1776 4153; x_wconf 84' lang='lat' dir='ltr'><strong>restituere,</strong></span> <span class='ocrx_word' id='word_1_352' title='bbox 1812 4057 2080 4136; x_wconf 88' lang='lat' dir='ltr'><strong>contradicioue</strong></span> 
     </span>
     <span class='ocr_line' id='line_1_35' title="bbox 391 4156 2081 4262; baseline 0.004 -28"><span class='ocrx_word' id='word_1_353' title='bbox 391 4170 429 4234; x_wconf 92' lang='lat' dir='ltr'><strong>et</strong></span> <span class='ocrx_word' id='word_1_354' title='bbox 455 4159 681 4258; x_wconf 81' lang='lat' dir='ltr'><strong>excepeione</strong></span> <span class='ocrx_word' id='word_1_355' title='bbox 708 4158 836 4256; x_wconf 89' lang='lat' dir='ltr'><strong>quavis</strong></span> <span class='ocrx_word' id='word_1_356' title='bbox 862 4169 1012 4249; x_wconf 85' lang='lat' dir='ltr'><strong>semota,</strong></span> <span class='ocrx_word' id='word_1_357' title='bbox 1047 4169 1085 4234; x_wconf 90' lang='lat' dir='ltr'><strong>et</strong></span> <span class='ocrx_word' id='word_1_358' title='bbox 1110 4156 1272 4236; x_wconf 90' lang='lat' dir='ltr'><strong>dominos</strong></span> <span class='ocrx_word' id='word_1_359' title='bbox 1297 4159 1690 4262; x_wconf 78' lang='lat' dir='ltr'><strong>Ssehwihowsky</strong></span> <span class='ocrx_word' id='word_1_360' title='bbox 1714 4185 1793 4240; x_wconf 91' lang='lat' dir='ltr'><strong>cum</strong></span> <span class='ocrx_word' id='word_1_361' title='bbox 1819 4163 1896 4240; x_wconf 82' lang='lat' dir='ltr'><strong>suis</strong></span> <span class='ocrx_word' id='word_1_362' title='bbox 1923 4187 2081 4240; x_wconf 85' lang='lat' dir='ltr'><strong>sueces-</strong></span> 
     </span>
     <span class='ocr_line' id='line_1_36' title="bbox 392 4259 2081 4366; baseline 0.005 -32"><span class='ocrx_word' id='word_1_363' title='bbox 392 4261 534 4336; x_wconf 80' lang='lat' dir='ltr'><strong>soribus</strong></span> <span class='ocrx_word' id='word_1_364' title='bbox 560 4259 711 4336; x_wconf 90' lang='lat' dir='ltr'><strong>dominis</strong></span> <span class='ocrx_word' id='word_1_365' title='bbox 738 4260 1049 4362; x_wconf 86' lang='lat' dir='ltr'><strong>Koslensibus</strong></span> <span class='ocrx_word' id='word_1_366' title='bbox 1081 4285 1127 4340; x_wconf 88' lang='lat' dir='ltr'><strong>ec</strong></span> <span class='ocrx_word' id='word_1_367' title='bbox 1146 4267 1251 4362; x_wconf 86' lang='lat' dir='ltr'><strong>jure,</strong></span> <span class='ocrx_word' id='word_1_368' title='bbox 1277 4291 1347 4364; x_wconf 90' lang='lat' dir='ltr'><strong>quo</strong></span> <span class='ocrx_word' id='word_1_369' title='bbox 1373 4277 1457 4342; x_wconf 92' lang='lat' dir='ltr'><strong>aute</strong></span> <span class='ocrx_word' id='word_1_370' title='bbox 1482 4266 1764 4366; x_wconf 88' lang='lat' dir='ltr'><strong>suprascriptam</strong></span> <span class='ocrx_word' id='word_1_371' title='bbox 1791 4263 2021 4342; x_wconf 83' lang='lat' dir='ltr'><strong>concordiam</strong></span> <span class='ocrx_word' id='word_1_372' title='bbox 2046 4267 2081 4342; x_wconf 91' lang='lat' dir='ltr'><strong>iu</strong></span> 
     </span>
     <span class='ocr_line' id='line_1_37' title="bbox 390 4361 2080 4466; baseline 0.004 -28"><span class='ocrx_word' id='word_1_373' title='bbox 390 4362 483 4463; x_wconf 88' lang='lat' dir='ltr'><strong>ipsis</strong></span> <span class='ocrx_word' id='word_1_374' title='bbox 509 4365 611 4440; x_wconf 86' lang='lat' dir='ltr'><strong>bouis</strong></span> <span class='ocrx_word' id='word_1_375' title='bbox 637 4362 880 4441; x_wconf 85' lang='lat' dir='ltr'><strong>Cnsteutal</strong></span> <span class='ocrx_word' id='word_1_376' title='bbox 907 4389 950 4440; x_wconf 89' lang='lat' dir='ltr'><strong>se</strong></span> <span class='ocrx_word' id='word_1_377' title='bbox 977 4361 1069 4438; x_wconf 88' lang='lat' dir='ltr'><strong>dixit</strong></span> <span class='ocrx_word' id='word_1_378' title='bbox 1094 4365 1242 4457; x_wconf 86' lang='lat' dir='ltr'><strong>habere,</strong></span> <span class='ocrx_word' id='word_1_379' title='bbox 1269 4366 1433 4466; x_wconf 83' lang='lat' dir='ltr'><strong>gaudere</strong></span> <span class='ocrx_word' id='word_1_380' title='bbox 1459 4365 1581 4446; x_wconf 87' lang='lat' dir='ltr'><strong>debet.</strong></span> <span class='ocrx_word' id='word_1_381' title='bbox 1635 4368 1747 4460; x_wconf 72' lang='lat' dir='ltr'><strong>Qunam</strong></span> <span class='ocrx_word' id='word_1_382' title='bbox 1775 4366 2004 4453; x_wconf 86' lang='lat' dir='ltr'><strong>concordiam</strong></span> <span class='ocrx_word' id='word_1_383' title='bbox 2032 4393 2080 4446; x_wconf 81' lang='lat' dir='ltr'><strong>ex</strong></span> 
     </span>
     <span class='ocr_line' id='line_1_38' title="bbox 391 4471 2078 4574; baseline 0.005 -35"><span class='ocrx_word' id='word_1_384' title='bbox 391 4478 543 4566; x_wconf 83' lang='lat' dir='ltr'><strong>utraque</strong></span> <span class='ocrx_word' id='word_1_385' title='bbox 578 4478 681 4568; x_wconf 88' lang='lat' dir='ltr'><strong>parte</strong></span> <span class='ocrx_word' id='word_1_386' title='bbox 708 4479 858 4566; x_wconf 81' lang='lat' dir='ltr'><strong>gratam,</strong></span> <span class='ocrx_word' id='word_1_387' title='bbox 892 4481 1005 4544; x_wconf 91' lang='lat' dir='ltr'><strong>ratam</strong></span> <span class='ocrx_word' id='word_1_388' title='bbox 1031 4479 1268 4570; x_wconf 85' lang='lat' dir='ltr'><strong>acceptarunt</strong></span> <span class='ocrx_word' id='word_1_389' title='bbox 1301 4481 1338 4546; x_wconf 90' lang='lat' dir='ltr'><strong>et</strong></span> <span class='ocrx_word' id='word_1_390' title='bbox 1370 4471 1494 4571; x_wconf 80' lang='lat' dir='ltr'><strong>sigilla</strong></span> <span class='ocrx_word' id='word_1_391' title='bbox 1519 4497 1588 4548; x_wconf 88' lang='lat' dir='ltr'><strong>sua</strong></span> <span class='ocrx_word' id='word_1_392' title='bbox 1611 4477 1718 4573; x_wconf 85' lang='lat' dir='ltr'><strong>juxta</strong></span> <span class='ocrx_word' id='word_1_393' title='bbox 1743 4473 1898 4574; x_wconf 85' lang='lat' dir='ltr'><strong>sigillum</strong></span> <span class='ocrx_word' id='word_1_394' title='bbox 1924 4484 2078 4549; x_wconf 87' lang='lat' dir='ltr'><strong>nostrum</strong></span> 
     </span>
     <span class='ocr_line' id='line_1_39' title="bbox 392 4565 2079 4675; baseline 0.005 -33"><span class='ocrx_word' id='word_1_395' title='bbox 392 4565 442 4642; x_wconf 82' lang='lat' dir='ltr'><strong>ad</strong></span> <span class='ocrx_word' id='word_1_396' title='bbox 468 4573 637 4668; x_wconf 75' lang='lat' dir='ltr'><strong>majorem</strong></span> <span class='ocrx_word' id='word_1_397' title='bbox 664 4569 908 4646; x_wconf 86' lang='lat' dir='ltr'><strong>certitudinem</strong></span> <span class='ocrx_word' id='word_1_398' title='bbox 940 4573 1170 4672; x_wconf 83' lang='lat' dir='ltr'><strong>presentibus</strong></span> <span class='ocrx_word' id='word_1_399' title='bbox 1196 4571 1404 4675; x_wconf 80' lang='lat' dir='ltr'><strong>appendere</strong></span> <span class='ocrx_word' id='word_1_400' title='bbox 1430 4575 1604 4652; x_wconf 81' lang='lat' dir='ltr'><strong>fecerunt.</strong></span> <span class='ocrx_word' id='word_1_401' title='bbox 1665 4577 1797 4652; x_wconf 81' lang='lat' dir='ltr'><strong>Actum</strong></span> <span class='ocrx_word' id='word_1_402' title='bbox 1825 4575 2079 4652; x_wconf 88' lang='lat' dir='ltr'><strong>Wratisln-</strong></span> 
     </span>
     <span class='ocr_line' id='line_1_40' title="bbox 392 4671 2078 4778; baseline 0.005 -35"><span class='ocrx_word' id='word_1_403' title='bbox 392 4671 497 4762; x_wconf 80' lang='lat' dir='ltr'><strong>wie,</strong></span> <span class='ocrx_word' id='word_1_404' title='bbox 530 4673 631 4748; x_wconf 78' lang='lat' dir='ltr'><strong>deria</strong></span> <span class='ocrx_word' id='word_1_405' title='bbox 664 4671 828 4750; x_wconf 85' lang='lat' dir='ltr'><strong>secunda</strong></span> <span class='ocrx_word' id='word_1_406' title='bbox 854 4685 937 4775; x_wconf 87' lang='lat' dir='ltr'><strong>post</strong></span> <span class='ocrx_word' id='word_1_407' title='bbox 969 4671 1181 4752; x_wconf 82' lang='lat' dir='ltr'><strong>dominicam</strong></span> <span class='ocrx_word' id='word_1_408' title='bbox 1205 4676 1384 4772; x_wconf 86' lang='lat' dir='ltr'><strong>Jubilate,</strong></span> <span class='ocrx_word' id='word_1_409' title='bbox 1413 4703 1505 4752; x_wconf 92' lang='lat' dir='ltr'><strong>auno</strong></span> <span class='ocrx_word' id='word_1_410' title='bbox 1532 4675 1662 4752; x_wconf 93' lang='lat' dir='ltr'><strong>domiui</strong></span> <span class='ocrx_word' id='word_1_411' title='bbox 1695 4679 1880 4756; x_wconf 88' lang='lat' dir='ltr'><strong>millesimo</strong></span> <span class='ocrx_word' id='word_1_412' title='bbox 1908 4676 2078 4778; x_wconf 89' lang='lat' dir='ltr'><strong>quadriu-</strong></span> 
     </span>
     <span class='ocr_line' id='line_1_41' title="bbox 393 4773 1007 4877; baseline 0.011 -32"><span class='ocrx_word' id='word_1_413' title='bbox 393 4773 590 4869; x_wconf 81' lang='lat' dir='ltr'><strong>gentesimo</strong></span> <span class='ocrx_word' id='word_1_414' title='bbox 617 4778 849 4876; x_wconf 81' lang='lat' dir='ltr'><strong>nonagesimo</strong></span> <span class='ocrx_word' id='word_1_415' title='bbox 876 4777 1007 4877; x_wconf 89' lang='lat' dir='ltr'><strong>quinto.</strong></span> 
     </span>
    </p>
   </div>
   <div class='ocr_carea' id='block_1_3' title="bbox 1032 4995 1437 5008">
    <p class='ocr_par' dir='ltr' id='par_1_3' title="bbox 1032 4995 1437 5008">
     <span class='ocr_line' id='line_1_42' title="bbox 1032 4995 1437 5008; baseline -0.005 0"><span class='ocrx_word' id='word_1_416' title='bbox 1032 4995 1437 5008; x_wconf 58' lang='lat' dir='ltr'><strong>ffl—</strong></span> 
     </span>
    </p>
   </div>
   <div class='ocr_carea' id='block_1_4' title="bbox 0 0 2289 5780">
    <p class='ocr_par' dir='ltr' id='par_1_4' title="bbox 0 0 2289 5780">
     <span class='ocr_line' id='line_1_43' title="bbox 0 0 2289 5780; baseline 0 0"><span class='ocrx_word' id='word_1_417' title='bbox 0 0 2289 5780; x_wconf 95' lang='lat' dir='ltr'><strong> </strong></span> 
     </span>
    </p>
   </div>
  </div>
 </body>
</html>
