4660 5762
762 623 765 630 Δ
859 515 1069 590 ursan
1124 511 1328 590 ccxnrx.
1822 457 1935 601 'am

250 718 485 820 ansuingat,
508 723 678 819 majam
704 717 1111 798 οιωιηὶιιιοίιιιιοι
1136 717 1325 796 cantabat
1350 739 1429 794 cum
1455 713 1602 811 eudon,
1635 713 1791 800 etdem.
1819 719 1932 798 ller-

251 820 429 916 nardus,
456 819 575 900 dictus
601 821 650 900 de
664 797 902 910 Canauna,
927 834 1133 1002 prepoputns
1152 822 1403 900 blisnensir
1430 831 1468 898 et
1492 820 1667 922 plebanus
1692 821 1859 903 ecclesie
1884 821 1933 907 de

250 927 360 1003 Alta
384 925 484 1028 ripa
507 937 630 1004 nostre
656 924 842 1028 dyocesis,
870 924 962 1002 dnm.
1060 925 1243 1003 rosluus
1269 925 1598 1002 canonicusJaxc
1623 924 1729 1018 lilius,
1756 925 1933 1028 qnondam

249 1044 374 1108 noster
396 1031 614 1132 prepositus,
640 1031 812 1130 magister
837 1029 1084 1107 Ludwicns
1111 1027 1315 1130 etquidem
1342 1029 1404 1106 alii
1429 1025 1478 1105 dc
1503 1028 1653 1106 consilio
1679 1030 1810 1130 prefati
1836 1029 1930 1128 dum.
2024 1075 2026 1084 ι

249 1132 355 1212 ducis
380 1134 451 1236 ipsi
476 1135 560 1210 duci
585 1134 620 1208 in
646 1135 848 1213 criminibus
899 1133 1102 1234 urticipent,
1135 1145 1281 1235 propter
1313 1157 1382 1233 qne
1414 1155 1480 1234 per
1504 1157 1573 1208 uos
1605 1142 1664 1208 est
1689 1135 1931 1212 excommuni-

249 1237 412 1316 cacionis
428 1237 570 1314 vinculo
594 1235 796 1328 innodatus,
824 1159 941 1314 eirldm
966 1237 1001 1312 in
1024 1237 1118 1339 ipsis
1135 1237 1340 1328 ,consilinm
1366 1237 1526 1313 favorem
1548 1248 1586 1312 et
1602 1236 1772 1312 auxilium
1788 1238 1931 1338 publice

249 1337 498 1443 impendendo,
525 1341 739 1442 nosipsos,
765 1339 1054 1432 Bernardum,
1081 1339 1367 1433 Sbroulanm‚
1394 1336 1639 1417 Lndnicnm
1675 1351 1712 1417 et
1743 1340 1838 1418 alios
1863 1341 1931 1416 hu·

245 1443 404 1546 jusmodi
430 1444 657 1522 consiliarios
682 1445 717 1519 in
744 1443 813 1520 biis
839 1443 985 1546 scriptis
1009 1444 1271 1626 prnmrplfflpss
1295 1467 1374 1522 cum
1390 1441 1530 1520 domino
1548 1439 1643 1522 duce
1659 1441 1824 1545 predicto
1841 1469 1930 1524 esse
1974 1467 1977 1476 '

249 1549 395 1650 majoris
422 1548 805 1626 excommunicacionis
831 1549 1021 1626 sentencia
1051 1549 1112 1624 inn

183 1687 191 1704 ·
249 1651 731 1755 perreracnrmveuerabilis
756 1661 871 1753 pater,
904 1649 998 1728 dnm.
1025 1652 1284 1754 Philippus,
1311 1652 1544 1728 Firmanus
1570 1653 1784 1753 episcopus,
1811 1661 1929 1752 apost

248 1755 329 1834 sed.
357 1757 454 1855 leg„
497 1753 709 1848 advertens,
745 1753 840 1855 quud
874 1756 922 1830 nil
953 1753 1148 1858 prodesset
1179 1754 1394 1834 obediencia
1424 1754 1611 1830 bonrilibns
1642 1756 1675 1830 si
1707 1767 1930 1858 contemptus

248 1860 515 1937 contumacibus
541 1875 609 1934 nun
635 1859 802 1952 obesset,
836 1859 871 1934 in
898 1861 975 1934 auis
1002 1860 1317 1936 constituciunibur
1350 1859 1563 1961 publicavit,
1595 1869 1634 1934 nt
1665 1833 1863 1960 qnssmque
1894 1859 1931 1936 iu

1222 1575 1254 1624 s.
1313 1549 1420 1641 Item,
1457 1573 1536 1626 cum
1566 1549 1740 1648 exigente
1772 1545 1931 1644 audacia
2008 1629 2010 1634 ,
2102 1545 2107 1557 ’

246 1964 340 2040 locis
367 1962 624 2039 ecclesiastico
649 1960 840 2040 interdictu
866 1964 1062 2064 subpositis
1090 1961 1211 2040 divina
1237 1963 1360 2042 officia
1384 1973 1577 2042 exerceret
1607 1964 1753 2062 majoris
1778 1985 1929 2040 excom·
2048 2015 2054 2024 ·

248 2066 502 2152 municaciunis
528 2067 749 2145 sentenciam
773 2068 970 2143 incurreret
995 2067 1006 2142 i
1033 2091 1076 2142 so
1102 2067 1214 2160 factu,
1243 2077 1281 2143 et
1305 2067 1417 2142 frater
1441 2065 1728 2158 wilhelmus,
1754 2065 1870 2142 abbas
1896 2091 1928 2142 s
1980 2081 1985 2090 '

246 2171 439 2248 Vmcencii
461 2167 557 2270 apud
575 2169 924 2246 Wrctinlaniam
951 2093 1084 2246 culnia
1110 2154 1469 2262 premonstratensis,
1496 2181 1602 2248 extra
1627 2193 1726 2246 suum
1744 2169 1929 2248 cenobium

247 2275 346 2352 etin
372 2297 438 2349 suo
465 2273 626 2364 cenobio,
654 2299 722 2348 nun
749 2271 944 2350 secundum
970 2273 1117 2349 formam
1142 2273 1320 2375 privilegii
1346 2271 1459 2349 urulini
1485 2297 1552 2350 sno
1576 2297 1692 2351 conce
1734 2274 1758 2366 i,
1795 2274 1928 2355 missas

247 2401 368 2454 coram
400 2375 496 2453 duce
522 2381 826 2453 excommunicato
860 2375 995 2478 pluries
1028 2377 1227 2454 celebrauit
1258 2389 1297 2454 et
1328 2375 1513 2478 predictus
1544 2375 1636 2452 dom.
1670 2375 1700 2454 S
1737 2377 1928 2454 ronlaua

245 2483 281 2556 in
306 2481 400 2558 locis
425 2478 624 2557 interdictis
651 2477 781 2570 divinis
808 2482 923 2558 eciam
950 2505 994 2557 se
1018 2481 1185 2580 ingessit,
1212 2479 1332 2557 dictus
1358 2481 1518 2558 similiter
1544 2478 1636 2557 dnm.
1662 2479 1927 2558 Bernardns

247 2575 877 2674 deCamencz‚Jcl1arrnes'de
896 2581 1760 2682 ltlnnstcrberg,BaldninusdeVrcdn,
1779 2585 1927 2662 Theo·

245 2687 400 2764 ulricus
419 2687 632 2766 decivitate
648 2687 922 2788 Numpuluw,
939 2687 1170 2764 Juhanner
1189 2685 1237 2764 de
1254 2686 1461 2778 Sicnuw,
1487 2688 1710 2764 Nicolaus
1728 2686 1777 2765 de
1794 2688 1927 2764 Mali-

246 2791 397 2884 cunin,
423 2791 657 2868 Jchannes
684 2789 877 2868 deVilla
903 2791 1243 2884 cruciferorum,
1269 2791 1505 2869 Jchannes
1531 2790 1579 2870 de
1597 2792 1819 2886 Vabenin,
1837 2792 1927 2871 Bo·

245 2894 434 2995 gumilus
452 2891 501 2970 de
517 2895 775 2988 Prerichim,
792 2895 1023 2973 Henricus
1041 2892 1089 2972 de
1107 2893 1245 2986 Cirla‚
1262 2895 1290 2972 J
1297 2895 1497 2972 ohannes
1516 2894 1565 2972 de
1582 2894 1743 2990 Scsno,
1761 2895 1927 2972 Juhan·
2010 2929 2013 2934 ¹

245 3023 327 3075 nes
340 2997 459 3076 dictus
472 2995 620 3075 Sarde
644 2997 888 3076 deWirbnc
907 3009 944 3076 ct
960 2997 1102 3100 qnidam
1127 2999 1189 3075 alii
1206 2998 1444 3076 ecclesiarum
1460 3009 1635 3091 rectores,
1661 3001 1745 3075 item
1762 2997 1926 3074 Fride-

245 3103 368 3179 rien·
392 3102 450 3203 qui
468 3127 511 3180 se
528 3103 668 3179 intrusit
691 3103 942 3180 inecclesiam
958 3104 1221 3195 Ninensem,
1246 3101 1475 3180 Niculuus
1502 3100 1782 3196 deNemche,
1808 3101 1926 3176 llar-

244 3219 410 3306 tungns
436 3204 484 3284 de
509 3206 718 3300 Biclnina,
745 3204 1037 3284 Theudricns
1063 3204 1120 3283 de
1146 3207 1328 3306 antiqno
1353 3205 1598 3299 Namalow,
1626 3229 1727 3304 qnos,
1754 3201 1928 3288 videlicet

245 3307 518 3402 Fridricnm,
544 3309 801 3403 Nicolaum,
829 3311 1104 3412 Hartnngnm
1130 3321 1168 3387 et
1190 3307 1491 3388 Tlteodricum
1510 3305 1736 3410 jamdudum
1754 3307 1927 3386 ecclesiia

244 3415 322 3490 suis
347 3414 566 3514 privavimus
588 3439 654 3517 per
679 3415 900 3492 sentenciam
925 3426 1070 3516 prepter
1095 3438 1215 3492 eurum
1241 3438 1424 3491 excessus
1455 3415 1613 3490 notarios
1639 3423 1677 3490 et
1702 3411 1816 3488 eciam
1848 3435 1925 3488 ma·

243 3517 399 3595 nifeatos
427 3519 523 3594 etin
550 3541 616 3594 ecs
643 3517 1027 3596 excommunicacionis
1060 3518 1281 3596 sentenciam
1314 3517 1456 3594 tulimus
1489 3517 1521 3594 si
1554 3542 1598 3594 se
1630 3513 1680 3592 ad
1705 3513 1825 3592 dictas
1859 3539 1925 3592 ec-

244 3621 383 3699 clesias
399 3621 649 3697 intromiserint
665 3645 743 3698 cum
761 3619 810 3710 ad
827 3645 894 3698 eus
913 3627 991 3722 jam
1018 3645 1085 3698 non
1102 3622 1304 3723 pertineant
1316 3619 1569 3721 gubernandas
1584 3621 1610 3711 ¹)
1625 3621 1653 3698 J
1658 3621 1839 3710 acubus,
1867 3617 1927 3719 qni

160 3779 164 3802 ι
246 3727 282 3801 in
314 3725 614 3816 llicbinbncln,
647 3725 872 3802 chricns
905 3726 963 3826 qui
996 3727 1032 3801 in
1065 3723 1312 3817 Grudcnw,
1346 3722 1554 3802 Sifridus
1588 3722 1709 3802 dictus
1742 3721 1790 3800 de
1820 3722 1925 3798 Gri-

244 3829 474 3932 pbinstein
502 3827 560 3928 qui
591 3829 626 3904 in
653 3827 970 3906 Veuwruzona
995 3854 1039 3906 ae
1066 3839 1194 3929 gerunt
1218 3853 1282 3930 pru
1307 3829 1507 3904 rectoribus
1534 3827 1770 3906 ecclesiarum
1797 3838 1834 3902 et
1858 3849 1938 3904 ce-

244 3934 312 4011 teri
338 3933 396 4033 qni
423 3933 555 4032 ejectis
579 3931 678 4009 veris
703 3931 868 4034 plebanis
892 3958 936 4010 se
952 3933 988 4008 in
1005 3933 1160 4034 ipsorum
1179 3931 1363 4010 ecclesias
1380 3932 1607 4022 intruserunt,
1631 3929 1785 4052 predicti
1802 3952 1925 4006 omnes

243 4038 279 4112 in
304 4037 398 4114 locis
423 4034 613 4113 interdicto
638 4035 834 4136 subpositis
860 4037 993 4112 missas
1018 4035 1154 4137 pluries
1180 4034 1454 4112 celebraverunt
1479 4047 1516 4112 et
1537 4033 1667 4110 divinus
1694 4057 1738 4110 se
1754 4033 1924 4132 frequen·

245 4141 326 4216 cius
350 4140 596 4239 ingesserunt,
630 4163 696 4215 ecs
729 4163 852 4215 amnes
884 4163 975 4239 quos
1005 4139 1229 4240 premisimus
1262 4147 1300 4214 et
1325 4137 1418 4214 alios
1444 4161 1563 4214 eorum
1597 4136 1733 4214 similes
1759 4160 1809 4212 ex
1834 4159 1923 4216 oon-

245 4243 435 4320 stitnciune
459 4241 610 4344 predicti
646 4241 738 4318 dnm.
765 4242 878 4342 legati
902 4243 938 4318 in
964 4241 1034 4318 hiis
1067 4242 1211 4343 scriptis
1243 4240 1514 4342 pronunciamus
1546 4240 1692 4340 majoris
1718 4261 1923 4324 excommn-

244 4345 442 4424 nicaciunis
476 4347 684 4424 sentencias
715 4345 911 4424 incurrisse
945 4359 983 4423 et
1014 4345 1155 4424 tociens
1193 4358 1277 4448 quot
1308 4344 1448 4421 vicibus
1479 4354 1770 4446 presumpserunt
1803 4339 1924 4418 dirius

244 4449 368 4528 officia
392 4449 598 4544 celebrare,
632 4451 794 4553 quoniam
820 4455 930 4551 juxta
961 4449 1147 4528 concilium
1174 4449 1437 4526 Toletannm
1471 4472 1518 4524 ea
1543 4472 1611 4548 que
1636 4445 1813 4547 frequenti
1836 4469 1923 4548 pre·

244 4539 474 4631 rarlcdoiune
505 4554 675 4629 iterantur
707 4553 881 4656 frequenti
921 4553 1109 4631 sentencia
1141 4551 1442 4654 condempnantur
1451 4551 1481 4642 ²)
1521 4563 1559 4628 et
1591 4551 1649 4650 qni
1686 4549 1923 4652 multipliciter

244 4670 378 4761 peccat
410 4681 505 4760 pena
536 4657 719 4759 multiplici
752 4658 968 4758 castigetur,
1001 4654 1097 4734 unde
1129 4667 1201 4733 tam
1233 4659 1327 4732 istos
1353 4679 1456 4756 qnam
1482 4653 1574 4731 alios
1606 4677 1730 4732 omncs
1755 4649 1922 4756 supradi-

246 4775 326 4840 ctos
360 4787 439 4840 cum
471 4761 766 4839 excommunicati
798 4763 868 4838 sint
900 4759 1107 4838 mandamus
1133 4761 1179 4836 ab
1214 4759 1372 4835 omnibus
1405 4759 1526 4836 arcius
1552 4757 1690 4834 evitari
1749 4757 1792 4836 ln
1817 4759 1921 4858 cnjus

292 4988 324 5064 Ι)
356 4980 432 5048 Unl.
455 4981 494 5046 N.
516 4980 669 5048 CCXXII
691 5005 763 5049 vom
783 4981 835 5048 30.
858 4983 944 5048 M'a'rn
969 4981 1059 5048 1286.
1146 4985 1179 5066 2)
1208 5003 1235 5047 c.
1259 4979 1287 5061 l,
1307 4980 1344 5046 X
1365 4981 1405 5046 de
1426 4980 1547 5071 poenis.
1646 5079 1690 5149 ῃ
