4552 5786
802 519 1010 594 mamurra
1066 517 1234 590 OEUXV.
1442 553 1445 562 ·
1779 519 1857 602 870

183 747 273 800 mum
297 724 333 798 iu
359 721 506 802 Christe
530 731 666 824 patrem
692 731 730 798 et
751 717 925 798 domium
949 721 1141 798 Leonem
1169 743 1299 823 papam
1323 715 1495 798 decimum
1527 733 1621 800 mete
1651 725 1795 829 proprie
1819 739 1858 804 et

183 851 234 906 ex
259 837 361 904 certa
386 827 549 904 sciencia
574 824 623 902 dn
647 822 865 927 plenitudine
889 823 1090 926 apostolice
1115 824 1325 924 potestatis,
1351 825 1566 926 presentium
1591 839 1715 906 tenore
1740 830 1857 932 publi·

183 955 306 1010 camus
333 941 371 1006 et
395 927 681 1018 denunctianrus,
714 926 910 1006 districtius
935 927 1136 1004 inhibentes
1161 927 1321 1004 omnibns
1346 939 1384 1004 et
1409 929 1560 1028 singulis
1586 929 1753 1025 mutuis,
1788 931 1857 1010 du·

183 1035 298 1126 cibus,
326 1033 523 1123 comitibus,
550 1032 821 1122 marchionibus,
849 1031 1050 1124 baronibus,
1076 1031 1253 1124 militibus,
1281 1028 1490 1124 domicellis,
1517 1034 1735 1136 capitaneis,
1763 1037 1856 1114 bali-

182 1138 240 1216 vis
265 1161 403 1216 necnon
428 1139 600 1215 curiarum
626 1146 695 1212 tam
718 1135 948 1236 spiritualium
974 1159 1076 1235 quem
1102 1133 1343 1236 temporalium
1367 1159 1414 1212 ac
1447 1147 1633 1226 terrarum,
1666 1139 1858 1234 civitatum,

184 1239 384 1344 opidorum,
410 1253 622 1332 nestrorum,
649 1239 809 1314 villarum
835 1251 873 1314 et
898 1239 1162 1316 universitatum
1187 1261 1471 1338 quarumcunque
1491 1241 1704 1339 majoribus,
1736 1257 1859 1320 recto·

184 1345 282 1420 ribus
308 1369 374 1420 seu
401 1343 707 1442 gubernatoribus,
735 1342 906 1434 scabinis,
932 1341 1225 1445 proconsulibus,
1252 1341 1475 1434 consulibus,
1502 1343 1657 1437 ciuibus,
1684 1343 1860 1446 opidanis,

182 1447 332 1540 ineolis,
367 1447 540 1547 preleetis
573 1460 609 1522 et
634 1445 716 1522 aliis
742 1446 1007 1546 quibuscunque
1040 1445 1205 1548 pereurris
1239 1471 1304 1546 per
1329 1468 1452 1546 regua,
1480 1443 1645 1539 donnus,
1673 1449 1860 1528 comitales
1982 1505 1985 1511 -

185 1561 223 1629 et
247 1551 441 1653 provintias
466 1548 649 1652 predictas
670 1547 954 1650 jurisdictionem
980 1549 1209 1650 temporalem
1231 1561 1269 1628 et
1292 1547 1503 1627 ordinariam
1527 1574 1593 1650 per
1610 1575 1653 1628 se
1677 1549 1738 1629 rel
1755 1553 1861 1630 alinnr

185 1655 441 1732 exercentibus
472 1654 700 1752 omnibusque
732 1653 813 1730 aliis
847 1665 883 1732 et
915 1654 1066 1753 singulis
1099 1677 1244 1753 quornm
1275 1652 1442 1745 interest,
1474 1652 1634 1732 intererit
1658 1665 1720 1730 aut
1750 1655 1861 1734 inter·

185 1783 275 1836 esse
306 1759 435 1859 peterit
468 1755 730 1856 quomodolibet
761 1758 796 1832 in
829 1757 997 1848 sutorum,
1031 1757 1297 1856 quibuscunque
1332 1755 1527 1836 nominibus
1558 1768 1622 1836 ant
1652 1780 1862 1860 quacunque
1967 1797 1975 1818 ·

185 1861 413 1964 prefulgeant
437 1860 611 1960 dignitate
637 1859 855 1962 supradictis
888 1873 1069 1939 eteorum
1096 1861 1251 1949 cuilibet,
1285 1883 1331 1936 ne
1357 1861 1424 1936 snb
1450 1861 1629 1940 sententie
1656 1884 1861 1938 excommn-

186 1965 384 2043 uieacionis
408 1966 554 2063 majoris
580 1989 645 2065 per
671 1964 799 2040 nevel
825 1965 931 2040 alium
956 1989 1022 2042 seu
1049 1963 1160 2053 elios,
1188 1964 1330 2064 publice
1354 1963 1415 2038 rel
1442 1963 1604 2055 occulte,
1637 1961 1776 2044 directe
1802 1966 1862 2042 rel

187 2067 380 2160 indirecte,
407 2069 534 2168 quovis
558 2067 698 2166 quesite
725 2068 848 2146 colore
872 2067 933 2144 vel
958 2067 1112 2167 ingenie,
1139 2067 1325 2166 quicquam
1352 2079 1477 2142 contra
1501 2067 1663 2168 prelatos
1689 2065 1862 2162 dominos,

104 2245 111 2254 .
187 2173 412 2274 episcopum,
446 2173 642 2248 eanonicus
667 2182 706 2248 et
730 2170 920 2272 capitulum
946 2195 993 2248 ac
1020 2171 1151 2246 olerum
1178 2170 1335 2247 civitatis
1361 2181 1399 2248 et
1422 2168 1585 2248 diocesis
1612 2171 1863 2248 Wratisla·

188 2277 362 2353 niensis
395 2277 521 2374 rigore
553 2285 797 2376 preteosorum
828 2287 1028 2376 pectorum,
1068 2283 1277 2348 stabulorum
1315 2283 1353 2350 et
1384 2274 1613 2376 capitulorum
1652 2287 1864 2378 attemptare

189 2403 255 2456 sen
282 2378 392 2453 meliri
419 2389 621 2479 presumant
653 2390 715 2452 ant
740 2378 833 2456 alter
856 2387 1014 2454 vestrum
1044 2387 1230 2478 attemptet
1261 2400 1328 2453 sen
1361 2377 1471 2454 moliri
1497 2391 1696 2480 presumat,
1730 2377 1864 2458 decer·

187 2494 316 2559 nentes
342 2484 555 2559 auctoritate
580 2481 782 2582 apostoliea
807 2479 1033 2582 supradicte,
1065 2495 1169 2582 prout
1198 2504 1263 2582 per
1295 2480 1469 2580 prelatum
1506 2482 1767 2563 sanctissimum
1794 2481 1864 2560 de-

188 2585 313 2662 minum
345 2597 499 2662 nostrum
532 2610 660 2686 papam
693 2582 875 2662 decretum
909 2595 983 2675 est,
1016 2583 1145 2660 irritum
1180 2596 1218 2660 et
1243 2585 1365 2674 inane,
1399 2585 1431 2660 si
1464 2609 1577 2662 secus
1610 2586 1865 2686 superbiis·

187 2711 361 2789 quoquam
393 2691 520 2789 quavis
551 2689 747 2766 occasione
778 2688 839 2764 rel
872 2699 1136 2766 transuectum
1169 2686 1276 2762 luerit
1306 2711 1372 2764 seu
1406 2687 1553 2766 inantea
1585 2689 1774 2788 corrtigerit
1805 2701 1864 2768 at·

188 2793 363 2894 temptari.
418 2793 504 2883 Que
522 2792 639 2868 omrria
663 2805 701 2868 et
725 2791 868 2891 singula
892 2791 993 2890 regie
1019 2787 1222 2868 celsitudini
1248 2801 1382 2874 vestre,
1409 2792 1641 2870 serenissime
1667 2793 1864 2894 Vngarie

190 2905 229 2972 et
260 2895 469 2971 Bolremie
501 2893 641 2972 domine
673 2921 758 2984 rex,
793 2908 956 2994 tanquam
989 2893 1184 2996 superioris
1216 2903 1255 2968 et
1283 2893 1461 2970 interieris
1493 2894 1669 2974 Silesie
1700 2922 1866 2997 supreme

191 2997 273 3078 doci
301 3010 388 3090 ete,
422 2997 560 3075 domine
592 3009 715 3074 nostro
746 2996 1000 3074 colendissimo
1033 3021 1172 3076 necnon
1197 2993 1498 3074 reverendissimo
1530 3009 1568 3076 et
1592 2998 1805 3076 reverendis
1831 3001 1864 3076 in

192 3101 338 3181 Christe
363 3103 522 3203 patribus
548 3115 585 3178 et
610 3100 772 3190 dominis,
798 3099 948 3178 dominis
974 3101 1249 3204 archiepiscopo
1275 3099 1537 3202 Gnysnenai
1562 3101 1700 3202 primati
1725 3103 1866 3178 Polo·

191 3207 262 3282 nie
288 3231 334 3282 ec
361 3205 655 3281 Olomucensi
688 3215 725 3282 et
750 3205 1054 3282 posnaniensi
1088 3204 1289 3308 episcopis,
1323 3201 1474 3280 dominis
1507 3217 1545 3282 et
1575 3206 1700 3282 amicis
1734 3208 1866 3282 nostris

192 3309 426 3400 charissimis,
452 3308 681 3408 omnibusque
708 3308 789 3384 aliis
815 3320 853 3386 et
878 3309 1030 3409 singulis
1056 3307 1285 3410 supradictis,
1311 3307 1439 3408 quibus
1463 3319 1655 3409 presentes
1672 3319 1795 3387 nostre
1819 3309 1866 3384 li·

192 3429 270 3490 tere
296 3411 502 3511 diriguntur,
528 3436 575 3488 ac
600 3411 650 3486 illi
676 3411 736 3488 vel
761 3412 845 3504 illis,
870 3437 973 3512 quem
990 3413 1049 3490 vel
1078 3437 1168 3512 quos
1193 3409 1394 3511 hujusmodi
1412 3413 1525 3511 tangit
1549 3413 1739 3512 negotium,
1767 3433 1866 3490 com-

192 3515 340 3594 nouiter
362 3517 422 3592 vel
447 3515 600 3590 divisum
626 3517 719 3612 (sio)
753 3517 961 3606 intimemus,
992 3516 1209 3592 insinuamus
1241 3529 1279 3591 et
1304 3516 1523 3592 notificentur
1550 3540 1596 3594 ac
1629 3513 1678 3592 ad
1710 3527 1867 3594 vestram

192 3631 231 3696 et
255 3620 448 3717 cujuslibet
470 3631 628 3696 vestrum
654 3619 808 3694 notitiam
833 3617 1023 3696 indubitum
1050 3617 1261 3697 deducimus
1287 3629 1326 3696 et
1350 3616 1484 3696 deduci
1507 3619 1670 3696 velumus
1694 3643 1760 3722 per
1781 3644 1867 3722 pre-

192 3734 330 3810 sentes,
356 3747 495 3822 rosque
519 3722 762 3799 nichilominus
789 3733 826 3800 et
850 3724 1035 3824 presertim
1051 3723 1150 3800 viros
1167 3721 1644 3824 ecelesiasticospredictos
1657 3735 1694 3800 et
1710 3735 1867 3800 restrum

194 3825 339 3903 cuilibet
364 3827 398 3899 iu
425 3825 577 3900 solidum
602 3827 731 3927 primo,
764 3825 944 3918 secundo,
977 3828 1089 3904 tercio
1122 3838 1160 3904 et
1191 3825 1427 3928 peremptorie
1457 3849 1505 3904 ac
1529 3827 1633 3904 vobis
1660 3837 1697 3904 et
1722 3827 1868 3904 cuilibet

192 3940 350 4010 restrum
375 3929 410 4004 in
437 3928 564 4005 virtute
596 3941 724 4007 sancte
757 3927 961 4007 obedientie
994 3942 1032 4006 et
1056 3931 1122 4006 rub
1149 3930 1336 4007 sentencie
1361 3930 1735 4008 excommunicationis
1760 3953 1866 4032 pena,

194 4057 298 4134 qnam
331 4033 366 4108 in
399 4056 466 4106 vos
498 4045 536 4107 et
564 4044 722 4108 vestrum
754 4033 944 4133 quemlibet
977 4035 1153 4112 canentes
1191 4033 1387 4110 ruonicione
1421 4034 1598 4134 premissa
1629 4033 1775 4110 serimus
1806 4031 1867 4113 dei

194 4136 332 4214 nomine
356 4135 391 4210 in
418 4135 475 4210 his
500 4135 645 4236 scriptis
671 4136 739 4212 nisi
766 4137 927 4216 feceritis
953 4161 1000 4212 ee
1024 4161 1094 4237 qne
1119 4139 1222 4212 robis
1248 4137 1282 4211 in
1316 4135 1387 4226 hae
1419 4147 1522 4237 parte
1554 4137 1797 4214 committimus
1830 4149 1868 4215 et
1893 4139 1896 4147 “

194 4239 358 4316 districte
389 4237 630 4340 precipientes
655 4238 879 4328 mandamns,
914 4241 1079 4340 quatinus
1112 4240 1327 4342 presentium
1360 4251 1483 4317 wnore
1517 4251 1555 4318 et
1586 4251 1772 4341 postquem
1802 4263 1867 4341 pro

194 4357 297 4446 parte
324 4341 412 4417 dicti
436 4340 625 4418 reuerendi
649 4343 762 4444 patris
788 4355 826 4420 et
851 4342 991 4435 domiui,
1018 4341 1109 4419 dom.
1135 4343 1298 4444 episcopi
1321 4343 1463 4418 Wrat.
1489 4364 1627 4421 necrron
1654 4343 1867 4444 prelatorum

195 4446 444 4524 cenonicerum
470 4457 507 4522 et
533 4445 677 4546 capituli
701 4471 749 4523 ac
775 4447 863 4523 cleri
889 4448 1045 4525 civitatis
1070 4457 1109 4523 et
1134 4445 1296 4524 diocesis
1316 4447 1454 4522 Wrat
1479 4447 1720 4549 principalium
1746 4446 1868 4524 herum

195 4551 320 4650 rigore
346 4559 542 4624 nostramm
567 4550 743 4626 literarum
770 4550 907 4626 lueritis
940 4551 1099 4650 requisiti
1131 4575 1197 4628 seu
1229 4551 1323 4626 alter
1346 4561 1504 4629 vestrum
1534 4549 1640 4628 luerit
1664 4551 1867 4651 requisitos,

194 4655 247 4730 ita
271 4663 387 4728 umen
413 4650 507 4750 quod
531 4653 567 4727 in
592 4653 663 4729 hiir
689 4652 912 4754 exequendis
939 4679 1028 4730 nnus
1060 4665 1217 4731 vestrum
1247 4654 1353 4731 aliun
1378 4677 1446 4730 non
1478 4665 1653 4756 expectet
1682 4676 1752 4734 neo
1777 4679 1868 4735 unns

195 4781 262 4861 per
284 4757 391 4832 alium
417 4779 484 4831 sen
509 4780 573 4857 pro
598 4758 670 4834 alie
697 4783 741 4834 se
766 4769 939 4846 excuset,
972 4768 1164 4860 presentes
1189 4769 1334 4836 nostras
1358 4757 1484 4836 literas
1508 4783 1555 4834 ac
1587 4757 1703 4834 omnia
1728 4769 1766 4836 et
1789 4759 1868 4834 sin·

196 4885 284 5041 ga
307 4861 343 4934 in
369 4859 425 4936 eis
450 4869 619 4934 cenerum
644 4861 849 4958 solenniter,
877 4863 946 4954 nbi,
979 4859 1120 4963 quando
1146 4872 1185 4940 et
1208 4862 1373 4962 quotiens
1400 4859 1603 4964 expedierit
1627 4882 1695 4938 sen
1720 4883 1867 5044 quomo·

245 4965 335 5041 libet
348 4963 464 5038 risum
480 4962 587 5040 luerit
602 4977 818 5064 oportunum,
846 4966 961 5045 eniam
974 4990 1040 5068 per
1055 4963 1212 5044 edicturm
1227 4965 1401 5068 pnbli'oum
1419 4965 1513 5044 loeis
1529 4964 1695 5151 publqscip,

1748 4991 1770 5045 e
1786 4967 1866 5068 qni-
