<?xml version="1.0" encoding="UTF-8"?>
<!DOCTYPE html PUBLIC "-//W3C//DTD XHTML 1.0 Transitional//EN"
    "http://www.w3.org/TR/xhtml1/DTD/xhtml1-transitional.dtd">
<html xmlns="http://www.w3.org/1999/xhtml" xml:lang="en" lang="en">
 <head>
  <title>
</title>
<meta http-equiv="Content-Type" content="text/html;charset=utf-8" />
  <meta name='ocr-system' content='tesseract 3.04.00' />
  <meta name='ocr-capabilities' content='ocr_page ocr_carea ocr_par ocr_line ocrx_word'/>
</head>
<body>
  <div class='ocr_page' id='page_1' title='image "./urkundenzurgesc00stengoog_0385.png"; bbox 0 0 4594 5774; ppageno 0'>
   <div class='ocr_carea' id='block_1_1' title="bbox 1133 903 1356 995">
    <p class='ocr_par' dir='ltr' id='par_1_1' title="bbox 1133 903 1356 995">
     <span class='ocr_line' id='line_1_1' title="bbox 1133 903 1356 995; baseline -0.013 0"><span class='ocrx_word' id='word_1_1' title='bbox 1133 903 1356 995; x_wconf 75' lang='lat' dir='ltr'>OOLXV.</span> 
     </span>
    </p>
   </div>
   <div class='ocr_carea' id='block_1_2' title="bbox 405 1095 2089 1364">
    <p class='ocr_par' dir='ltr' id='par_1_2' title="bbox 405 1095 2089 1364">
     <span class='ocr_line' id='line_1_2' title="bbox 405 1095 2089 1174; baseline -0.002 -13"><span class='ocrx_word' id='word_1_2' title='bbox 405 1095 2089 1174; x_wconf 60' lang='lat' dir='ltr'>meutellodtnmrtnffldfflmmfflhmdttmffl</span> 
     </span>
     <span class='ocr_line' id='line_1_3' title="bbox 405 1197 2089 1364; baseline 0 -104"><span class='ocrx_word' id='word_1_3' title='bbox 405 1197 615 1262; x_wconf 76' lang='lat' dir='ltr'>dohttrllchtu</span> <span class='ocrx_word' id='word_1_4' title='bbox 629 1199 754 1276; x_wconf 74' lang='lat' dir='ltr'>tprrtltr</span> <span class='ocrx_word' id='word_1_5' title='bbox 775 1199 827 1265; x_wconf 69' lang='lat' dir='ltr'>dot</span> <span class='ocrx_word' id='word_1_6' title='bbox 841 1199 994 1266; x_wconf 73' lang='lat' dir='ltr'>lmlcw</span> <span class='ocrx_word' id='word_1_7' title='bbox 1008 1199 1516 1364; x_wconf 46' lang='lat' dir='ltr'>nssmnffiffitmfl</span> <span class='ocrx_word' id='word_1_8' title='bbox 1534 1211 1593 1262; x_wconf 73' lang='lat' dir='ltr'>ru</span> <span class='ocrx_word' id='word_1_9' title='bbox 1603 1201 1668 1262; x_wconf 76' lang='lat' dir='ltr'>tt·</span> <span class='ocrx_word' id='word_1_10' title='bbox 1679 1202 1782 1264; x_wconf 60' lang='lat' dir='ltr'><strong><em>m</em></strong></span> <span class='ocrx_word' id='word_1_11' title='bbox 1793 1200 1898 1264; x_wconf 76' lang='lat' dir='ltr'>nuto</span> <span class='ocrx_word' id='word_1_12' title='bbox 1912 1199 2089 1276; x_wconf 59' lang='lat' dir='ltr'>ananum</span> 
     </span>
    </p>
   </div>
   <div class='ocr_carea' id='block_1_3' title="bbox 918 1453 1575 1520">
    <p class='ocr_par' dir='ltr' id='par_1_3' title="bbox 918 1453 1575 1520">
     <span class='ocr_line' id='line_1_4' title="bbox 918 1453 1575 1520; baseline 0.008 -18"><span class='ocrx_word' id='word_1_13' title='bbox 918 1453 1575 1520; x_wconf 62' lang='lat' dir='ltr'>munnam-mmmmm</span> 
     </span>
    </p>
   </div>
   <div class='ocr_carea' id='block_1_4' title="bbox 248 1583 2095 4387">
    <p class='ocr_par' dir='ltr' id='par_1_4' title="bbox 249 1583 2090 1796">
     <span class='ocr_line' id='line_1_5' title="bbox 249 1583 2089 1726; baseline 0.006 -70"><span class='ocrx_word' id='word_1_14' title='bbox 249 1599 351 1726; x_wconf 73' lang='lat' dir='ltr'>¹toto,</span> <span class='ocrx_word' id='word_1_15' title='bbox 508 1583 550 1662; x_wconf 91' lang='lat' dir='ltr'>ln</span> <span class='ocrx_word' id='word_1_16' title='bbox 583 1585 724 1668; x_wconf 88' lang='lat' dir='ltr'>nomine</span> <span class='ocrx_word' id='word_1_17' title='bbox 755 1585 884 1666; x_wconf 90' lang='lat' dir='ltr'>domini</span> <span class='ocrx_word' id='word_1_18' title='bbox 916 1613 1032 1666; x_wconf 80' lang='lat' dir='ltr'>amem</span> <span class='ocrx_word' id='word_1_19' title='bbox 1112 1587 1190 1666; x_wconf 82' lang='lat' dir='ltr'>Sub</span> <span class='ocrx_word' id='word_1_20' title='bbox 1214 1615 1307 1666; x_wconf 90' lang='lat' dir='ltr'>anno</span> <span class='ocrx_word' id='word_1_21' title='bbox 1333 1589 1463 1666; x_wconf 89' lang='lat' dir='ltr'>domini</span> <span class='ocrx_word' id='word_1_22' title='bbox 1489 1591 1676 1668; x_wconf 74' lang='lat' dir='ltr'>millesimo</span> <span class='ocrx_word' id='word_1_23' title='bbox 1701 1592 1954 1668; x_wconf 68' lang='lat' dir='ltr'>trecentedmo</span> <span class='ocrx_word' id='word_1_24' title='bbox 1977 1590 2089 1667; x_wconf 86' lang='lat' dir='ltr'>trico—</span> 
     </span>
     <span class='ocr_line' id='line_1_6' title="bbox 287 1675 2090 1796; baseline 0.004 -32"><span class='ocrx_word' id='word_1_25' title='bbox 287 1675 381 1732; x_wconf 56' lang='grc' dir='ltr'><strong>Μ</strong></span> <span class='ocrx_word' id='word_1_26' title='bbox 408 1691 497 1765; x_wconf 90' lang='lat' dir='ltr'>simo</span> <span class='ocrx_word' id='word_1_27' title='bbox 522 1713 627 1782; x_wconf 92' lang='lat' dir='ltr'>nono,</span> <span class='ocrx_word' id='word_1_28' title='bbox 655 1687 716 1765; x_wconf 92' lang='lat' dir='ltr'>die</span> <span class='ocrx_word' id='word_1_29' title='bbox 741 1689 907 1768; x_wconf 83' lang='lat' dir='ltr'>secunda</span> <span class='ocrx_word' id='word_1_30' title='bbox 932 1693 1068 1769; x_wconf 86' lang='lat' dir='ltr'>mensis</span> <span class='ocrx_word' id='word_1_31' title='bbox 1093 1693 1320 1787; x_wconf 84' lang='lat' dir='ltr'>Decembris,</span> <span class='ocrx_word' id='word_1_32' title='bbox 1347 1693 1550 1773; x_wconf 80' lang='lat' dir='ltr'>indiccione</span> <span class='ocrx_word' id='word_1_33' title='bbox 1577 1707 1720 1785; x_wconf 76' lang='lat' dir='ltr'>octava,</span> <span class='ocrx_word' id='word_1_34' title='bbox 1748 1695 1837 1770; x_wconf 86' lang='lat' dir='ltr'>lrora</span> <span class='ocrx_word' id='word_1_35' title='bbox 1861 1695 1965 1796; x_wconf 72' lang='lat' dir='ltr'>quusi</span> <span class='ocrx_word' id='word_1_36' title='bbox 1991 1720 2090 1771; x_wconf 89' lang='lat' dir='ltr'>com·</span> 
     </span>
    </p>

    <p class='ocr_par' dir='ltr' id='par_1_5' title="bbox 406 1794 2093 3872">
     <span class='ocr_line' id='line_1_7' title="bbox 406 1794 2089 1901; baseline 0.004 -33"><span class='ocrx_word' id='word_1_37' title='bbox 406 1794 559 1896; x_wconf 89' lang='lat' dir='ltr'>pletorii,</span> <span class='ocrx_word' id='word_1_38' title='bbox 584 1795 620 1869; x_wconf 94' lang='lat' dir='ltr'>in</span> <span class='ocrx_word' id='word_1_39' title='bbox 648 1794 812 1870; x_wconf 87' lang='lat' dir='ltr'>ecelesia</span> <span class='ocrx_word' id='word_1_40' title='bbox 836 1797 1052 1898; x_wconf 81' lang='lat' dir='ltr'>parrochiali</span> <span class='ocrx_word' id='word_1_41' title='bbox 1071 1796 1385 1900; x_wconf 79' lang='lat' dir='ltr'>Stynauiensi‚</span> <span class='ocrx_word' id='word_1_42' title='bbox 1410 1799 1546 1875; x_wconf 86' lang='lat' dir='ltr'>Wrat.</span> <span class='ocrx_word' id='word_1_43' title='bbox 1567 1797 1755 1901; x_wconf 61' lang='lat' dir='ltr'>dyocesis</span> <span class='ocrx_word' id='word_1_44' title='bbox 1782 1811 1866 1875; x_wconf 86' lang='lat' dir='ltr'>ante</span> <span class='ocrx_word' id='word_1_45' title='bbox 1890 1804 2008 1899; x_wconf 86' lang='lat' dir='ltr'>majus</span> <span class='ocrx_word' id='word_1_46' title='bbox 2033 1799 2089 1874; x_wconf 89' lang='lat' dir='ltr'>al-</span> 
     </span>
     <span class='ocr_line' id='line_1_8' title="bbox 406 1899 2091 2004; baseline 0.003 -31"><span class='ocrx_word' id='word_1_47' title='bbox 406 1911 486 1974; x_wconf 88' lang='lat' dir='ltr'>tare</span> <span class='ocrx_word' id='word_1_48' title='bbox 513 1899 660 1974; x_wconf 91' lang='lat' dir='ltr'>omnium</span> <span class='ocrx_word' id='word_1_49' title='bbox 686 1911 908 1992; x_wconf 86' lang='lat' dir='ltr'>sanctorum,</span> <span class='ocrx_word' id='word_1_50' title='bbox 935 1901 970 1976; x_wconf 94' lang='lat' dir='ltr'>in</span> <span class='ocrx_word' id='word_1_51' title='bbox 996 1901 1189 2002; x_wconf 79' lang='lat' dir='ltr'>presencia</span> <span class='ocrx_word' id='word_1_52' title='bbox 1220 1905 1288 1980; x_wconf 89' lang='lat' dir='ltr'>mei</span> <span class='ocrx_word' id='word_1_53' title='bbox 1321 1903 1448 1979; x_wconf 90' lang='lat' dir='ltr'>notarii</span> <span class='ocrx_word' id='word_1_54' title='bbox 1477 1916 1514 1980; x_wconf 92' lang='lat' dir='ltr'>et</span> <span class='ocrx_word' id='word_1_55' title='bbox 1539 1903 1680 1980; x_wconf 88' lang='lat' dir='ltr'>testium</span> <span class='ocrx_word' id='word_1_56' title='bbox 1708 1903 2005 2004; x_wconf 88' lang='lat' dir='ltr'>subscriptorum,</span> <span class='ocrx_word' id='word_1_57' title='bbox 2037 1904 2091 1978; x_wconf 82' lang='lat' dir='ltr'>vir</span> 
     </span>
     <span class='ocr_line' id='line_1_9' title="bbox 408 2001 2090 2110; baseline 0.002 -31"><span class='ocrx_word' id='word_1_58' title='bbox 408 2001 553 2096; x_wconf 87' lang='lat' dir='ltr'>nobilis,</span> <span class='ocrx_word' id='word_1_59' title='bbox 591 2001 846 2092; x_wconf 84' lang='lat' dir='ltr'>Jolrannes,</span> <span class='ocrx_word' id='word_1_60' title='bbox 886 2001 923 2082; x_wconf 85' lang='lat' dir='ltr'>d.</span> <span class='ocrx_word' id='word_1_61' title='bbox 958 2029 1012 2103; x_wconf 83' lang='lat' dir='ltr'>gr.</span> <span class='ocrx_word' id='word_1_62' title='bbox 1046 2001 1123 2082; x_wconf 78' lang='lat' dir='ltr'>dux</span> <span class='ocrx_word' id='word_1_63' title='bbox 1156 2005 1314 2084; x_wconf 85' lang='lat' dir='ltr'>Slezie</span> <span class='ocrx_word' id='word_1_64' title='bbox 1350 2019 1387 2084; x_wconf 87' lang='lat' dir='ltr'>et</span> <span class='ocrx_word' id='word_1_65' title='bbox 1419 2005 1511 2082; x_wconf 89' lang='lat' dir='ltr'>dom.</span> <span class='ocrx_word' id='word_1_66' title='bbox 1542 2006 1888 2109; x_wconf 77' lang='lat' dir='ltr'>Stynauiensis,</span> <span class='ocrx_word' id='word_1_67' title='bbox 1926 2003 2090 2110; x_wconf 84' lang='lat' dir='ltr'>predicte</span> 
     </span>
     <span class='ocr_line' id='line_1_10' title="bbox 407 2103 2091 2214; baseline 0.002 -34"><span class='ocrx_word' id='word_1_68' title='bbox 407 2105 542 2182; x_wconf 75' lang='lat' dir='ltr'>Wrac</span> <span class='ocrx_word' id='word_1_69' title='bbox 567 2103 754 2207; x_wconf 72' lang='lat' dir='ltr'>dyocesin,</span> <span class='ocrx_word' id='word_1_70' title='bbox 781 2103 904 2204; x_wconf 79' lang='lat' dir='ltr'>digifis</span> <span class='ocrx_word' id='word_1_71' title='bbox 930 2105 1070 2184; x_wconf 88' lang='lat' dir='ltr'>duobus</span> <span class='ocrx_word' id='word_1_72' title='bbox 1095 2111 1224 2208; x_wconf 87' lang='lat' dir='ltr'>positis</span> <span class='ocrx_word' id='word_1_73' title='bbox 1256 2135 1365 2211; x_wconf 88' lang='lat' dir='ltr'>snper</span> <span class='ocrx_word' id='word_1_74' title='bbox 1390 2135 1534 2188; x_wconf 90' lang='lat' dir='ltr'>crucem</span> <span class='ocrx_word' id='word_1_75' title='bbox 1561 2111 1639 2188; x_wconf 88' lang='lat' dir='ltr'>seu</span> <span class='ocrx_word' id='word_1_76' title='bbox 1654 2109 1704 2186; x_wconf 87' lang='lat' dir='ltr'>ad</span> <span class='ocrx_word' id='word_1_77' title='bbox 1735 2111 1936 2214; x_wconf 81' lang='lat' dir='ltr'>ymaginem</span> <span class='ocrx_word' id='word_1_78' title='bbox 1963 2109 2091 2186; x_wconf 89' lang='lat' dir='ltr'>domini</span> 
     </span>
     <span class='ocr_line' id='line_1_11' title="bbox 409 2206 2091 2310; baseline 0.002 -24"><span class='ocrx_word' id='word_1_79' title='bbox 409 2209 520 2288; x_wconf 83' lang='lat' dir='ltr'>nostri</span> <span class='ocrx_word' id='word_1_80' title='bbox 545 2209 663 2286; x_wconf 87' lang='lat' dir='ltr'>Jhesu</span> <span class='ocrx_word' id='word_1_81' title='bbox 690 2206 825 2287; x_wconf 71' lang='lat' dir='ltr'>cheac</span> <span class='ocrx_word' id='word_1_82' title='bbox 845 2211 982 2310; x_wconf 86' lang='lat' dir='ltr'>juravit</span> <span class='ocrx_word' id='word_1_83' title='bbox 1004 2211 1181 2290; x_wconf 75' lang='lat' dir='ltr'>humiliter</span> <span class='ocrx_word' id='word_1_84' title='bbox 1207 2223 1244 2289; x_wconf 88' lang='lat' dir='ltr'>et</span> <span class='ocrx_word' id='word_1_85' title='bbox 1269 2212 1422 2306; x_wconf 85' lang='lat' dir='ltr'>devote,</span> <span class='ocrx_word' id='word_1_86' title='bbox 1457 2225 1557 2291; x_wconf 83' lang='lat' dir='ltr'>stare</span> <span class='ocrx_word' id='word_1_87' title='bbox 1590 2215 1734 2292; x_wconf 85' lang='lat' dir='ltr'>arbitrio</span> <span class='ocrx_word' id='word_1_88' title='bbox 1766 2213 1979 2290; x_wconf 85' lang='lat' dir='ltr'>doninomm</span> <span class='ocrx_word' id='word_1_89' title='bbox 2004 2215 2045 2290; x_wconf 90' lang='lat' dir='ltr'>N</span> <span class='ocrx_word' id='word_1_90' title='bbox 2051 2215 2091 2288; x_wconf 90' lang='lat' dir='ltr'>i-</span> 
     </span>
     <span class='ocr_line' id='line_1_12' title="bbox 410 2311 2091 2420; baseline 0 -28"><span class='ocrx_word' id='word_1_91' title='bbox 410 2313 529 2392; x_wconf 86' lang='lat' dir='ltr'>colai</span> <span class='ocrx_word' id='word_1_92' title='bbox 555 2311 604 2390; x_wconf 92' lang='lat' dir='ltr'>de</span> <span class='ocrx_word' id='word_1_93' title='bbox 631 2314 782 2388; x_wconf 83' lang='lat' dir='ltr'>Banoz</span> <span class='ocrx_word' id='word_1_94' title='bbox 809 2327 846 2389; x_wconf 93' lang='lat' dir='ltr'>et</span> <span class='ocrx_word' id='word_1_95' title='bbox 871 2314 1173 2416; x_wconf 81' lang='lat' dir='ltr'>Apeczkonis</span> <span class='ocrx_word' id='word_1_96' title='bbox 1205 2317 1369 2394; x_wconf 87' lang='lat' dir='ltr'>canonici</span> <span class='ocrx_word' id='word_1_97' title='bbox 1403 2331 1440 2395; x_wconf 89' lang='lat' dir='ltr'>et</span> <span class='ocrx_word' id='word_1_98' title='bbox 1472 2317 1640 2396; x_wconf 87' lang='lat' dir='ltr'>officialis</span> <span class='ocrx_word' id='word_1_99' title='bbox 1673 2344 1811 2396; x_wconf 86' lang='lat' dir='ltr'>necnon</span> <span class='ocrx_word' id='word_1_100' title='bbox 1843 2319 1964 2396; x_wconf 87' lang='lat' dir='ltr'>tocius</span> <span class='ocrx_word' id='word_1_101' title='bbox 1989 2319 2091 2420; x_wconf 80' lang='lat' dir='ltr'>cupi-</span> 
     </span>
     <span class='ocr_line' id='line_1_13' title="bbox 410 2415 2093 2522; baseline 0.001 -28"><span class='ocrx_word' id='word_1_102' title='bbox 410 2417 473 2494; x_wconf 85' lang='lat' dir='ltr'>tuli</span> <span class='ocrx_word' id='word_1_103' title='bbox 498 2417 632 2493; x_wconf 85' lang='lat' dir='ltr'>Wrat.</span> <span class='ocrx_word' id='word_1_104' title='bbox 661 2415 823 2494; x_wconf 79' lang='lat' dir='ltr'>ecclesie</span> <span class='ocrx_word' id='word_1_105' title='bbox 847 2446 963 2516; x_wconf 84' lang='lat' dir='ltr'>super</span> <span class='ocrx_word' id='word_1_106' title='bbox 983 2425 1160 2518; x_wconf 80' lang='lat' dir='ltr'>dampnis</span> <span class='ocrx_word' id='word_1_107' title='bbox 1182 2429 1371 2517; x_wconf 75' lang='lat' dir='ltr'>preteritis</span> <span class='ocrx_word' id='word_1_108' title='bbox 1387 2426 1510 2520; x_wconf 80' lang='lat' dir='ltr'>sactis</span> <span class='ocrx_word' id='word_1_109' title='bbox 1527 2429 1626 2498; x_wconf 80' lang='lat' dir='ltr'>dicte</span> <span class='ocrx_word' id='word_1_110' title='bbox 1652 2431 1809 2498; x_wconf 68' lang='lat' dir='ltr'>ecclesie</span> <span class='ocrx_word' id='word_1_111' title='bbox 1826 2423 1962 2497; x_wconf 64' lang='lat' dir='ltr'>Wrat</span> <span class='ocrx_word' id='word_1_112' title='bbox 1983 2427 2093 2522; x_wconf 73' lang='lat' dir='ltr'>juxta</span> 
     </span>
     <span class='ocr_line' id='line_1_14' title="bbox 410 2517 2093 2625; baseline -0.001 -25"><span class='ocrx_word' id='word_1_113' title='bbox 410 2521 669 2600; x_wconf 81' lang='lat' dir='ltr'>continenciam</span> <span class='ocrx_word' id='word_1_114' title='bbox 695 2517 782 2595; x_wconf 90' lang='lat' dir='ltr'>dicti</span> <span class='ocrx_word' id='word_1_115' title='bbox 809 2518 914 2596; x_wconf 89' lang='lat' dir='ltr'>ducis</span> <span class='ocrx_word' id='word_1_116' title='bbox 940 2523 1141 2622; x_wconf 84' lang='lat' dir='ltr'>patencium</span> <span class='ocrx_word' id='word_1_117' title='bbox 1172 2523 1353 2602; x_wconf 87' lang='lat' dir='ltr'>literarum</span> <span class='ocrx_word' id='word_1_118' title='bbox 1367 2526 1405 2618; x_wconf 92' lang='lat'>¹).</span> <span class='ocrx_word' id='word_1_119' title='bbox 1457 2525 1519 2602; x_wconf 78' lang='lat' dir='ltr'>Ac</span> <span class='ocrx_word' id='word_1_120' title='bbox 1552 2527 1667 2603; x_wconf 80' lang='lat' dir='ltr'>eciam</span> <span class='ocrx_word' id='word_1_121' title='bbox 1701 2527 1862 2602; x_wconf 86' lang='lat' dir='ltr'>similitor</span> <span class='ocrx_word' id='word_1_122' title='bbox 1886 2527 2024 2625; x_wconf 81' lang='lat' dir='ltr'>juravit</span> <span class='ocrx_word' id='word_1_123' title='bbox 2056 2541 2093 2602; x_wconf 87' lang='lat' dir='ltr'>et</span> 
     </span>
     <span class='ocr_line' id='line_1_15' title="bbox 410 2621 2091 2730; baseline 0.002 -30"><span class='ocrx_word' id='word_1_124' title='bbox 410 2624 581 2727; x_wconf 88' lang='lat' dir='ltr'>promisit,</span> <span class='ocrx_word' id='word_1_125' title='bbox 607 2621 842 2702; x_wconf 84' lang='lat' dir='ltr'>reverendum</span> <span class='ocrx_word' id='word_1_126' title='bbox 869 2621 961 2702; x_wconf 86' lang='lat' dir='ltr'>don.</span> <span class='ocrx_word' id='word_1_127' title='bbox 977 2626 1184 2729; x_wconf 89' lang='lat' dir='ltr'>episcopum</span> <span class='ocrx_word' id='word_1_128' title='bbox 1211 2640 1249 2704; x_wconf 93' lang='lat' dir='ltr'>et</span> <span class='ocrx_word' id='word_1_129' title='bbox 1274 2655 1374 2706; x_wconf 84' lang='lat' dir='ltr'>suom</span> <span class='ocrx_word' id='word_1_130' title='bbox 1399 2639 1508 2704; x_wconf 83' lang='lat' dir='ltr'>totum</span> <span class='ocrx_word' id='word_1_131' title='bbox 1534 2630 1666 2706; x_wconf 88' lang='lat' dir='ltr'>olemm</span> <span class='ocrx_word' id='word_1_132' title='bbox 1687 2631 1873 2730; x_wconf 85' lang='lat' dir='ltr'>ipsumque</span> <span class='ocrx_word' id='word_1_133' title='bbox 1899 2628 1993 2706; x_wconf 87' lang='lat' dir='ltr'>dnm.</span> <span class='ocrx_word' id='word_1_134' title='bbox 2012 2631 2091 2730; x_wconf 86' lang='lat' dir='ltr'>epi-</span> 
     </span>
     <span class='ocr_line' id='line_1_16' title="bbox 411 2726 2090 2834; baseline 0.002 -29"><span class='ocrx_word' id='word_1_135' title='bbox 411 2751 559 2828; x_wconf 87' lang='lat' dir='ltr'>scopum</span> <span class='ocrx_word' id='word_1_136' title='bbox 584 2726 720 2802; x_wconf 86' lang='lat' dir='ltr'>Wrat.</span> <span class='ocrx_word' id='word_1_137' title='bbox 752 2738 790 2802; x_wconf 91' lang='lat' dir='ltr'>et</span> <span class='ocrx_word' id='word_1_138' title='bbox 822 2753 923 2804; x_wconf 90' lang='lat' dir='ltr'>suum</span> <span class='ocrx_word' id='word_1_139' title='bbox 954 2741 1063 2806; x_wconf 86' lang='lat' dir='ltr'>totum</span> <span class='ocrx_word' id='word_1_140' title='bbox 1095 2731 1231 2810; x_wconf 84' lang='lat' dir='ltr'>clerum</span> <span class='ocrx_word' id='word_1_141' title='bbox 1256 2758 1323 2808; x_wconf 91' lang='lat' dir='ltr'>non</span> <span class='ocrx_word' id='word_1_142' title='bbox 1349 2733 1544 2810; x_wconf 71' lang='lat' dir='ltr'>molestare</span> <span class='ocrx_word' id='word_1_143' title='bbox 1570 2745 1608 2809; x_wconf 86' lang='lat' dir='ltr'>et</span> <span class='ocrx_word' id='word_1_144' title='bbox 1632 2734 1667 2808; x_wconf 91' lang='lat' dir='ltr'>in</span> <span class='ocrx_word' id='word_1_145' title='bbox 1692 2733 1789 2809; x_wconf 91' lang='lat' dir='ltr'>nullo</span> <span class='ocrx_word' id='word_1_146' title='bbox 1814 2732 1994 2834; x_wconf 83' lang='lat' dir='ltr'>inpedire,</span> <span class='ocrx_word' id='word_1_147' title='bbox 2024 2759 2090 2834; x_wconf 87' lang='lat' dir='ltr'>per</span> 
     </span>
     <span class='ocr_line' id='line_1_17' title="bbox 411 2829 2089 2938; baseline 0.001 -28"><span class='ocrx_word' id='word_1_148' title='bbox 411 2855 456 2910; x_wconf 87' lang='lat' dir='ltr'>se</span> <span class='ocrx_word' id='word_1_149' title='bbox 481 2854 550 2906; x_wconf 90' lang='lat' dir='ltr'>nec</span> <span class='ocrx_word' id='word_1_150' title='bbox 575 2854 641 2931; x_wconf 90' lang='lat' dir='ltr'>per</span> <span class='ocrx_word' id='word_1_151' title='bbox 666 2829 777 2922; x_wconf 79' lang='lat' dir='ltr'>alios,</span> <span class='ocrx_word' id='word_1_152' title='bbox 810 2831 953 2933; x_wconf 90' lang='lat' dir='ltr'>publice</span> <span class='ocrx_word' id='word_1_153' title='bbox 978 2834 1038 2912; x_wconf 88' lang='lat' dir='ltr'>vel</span> <span class='ocrx_word' id='word_1_154' title='bbox 1063 2835 1227 2928; x_wconf 81' lang='lat' dir='ltr'>occulte,</span> <span class='ocrx_word' id='word_1_155' title='bbox 1260 2833 1331 2912; x_wconf 88' lang='lat' dir='ltr'>sed</span> <span class='ocrx_word' id='word_1_156' title='bbox 1357 2861 1579 2913; x_wconf 82' lang='lat' dir='ltr'>conservare</span> <span class='ocrx_word' id='word_1_157' title='bbox 1607 2837 1645 2911; x_wconf 93' lang='lat' dir='ltr'>in</span> <span class='ocrx_word' id='word_1_158' title='bbox 1676 2839 1754 2912; x_wconf 84' lang='lat' dir='ltr'>suis</span> <span class='ocrx_word' id='word_1_159' title='bbox 1774 2837 1917 2938; x_wconf 84' lang='lat' dir='ltr'>juribus</span> <span class='ocrx_word' id='word_1_160' title='bbox 1943 2851 1979 2914; x_wconf 88' lang='lat' dir='ltr'>et</span> <span class='ocrx_word' id='word_1_161' title='bbox 2003 2863 2089 2938; x_wconf 90' lang='lat' dir='ltr'>pro·</span> 
     </span>
     <span class='ocr_line' id='line_1_18' title="bbox 410 2930 2092 3042; baseline 0.004 -32"><span class='ocrx_word' id='word_1_162' title='bbox 410 2933 577 3012; x_wconf 83' lang='lat' dir='ltr'>ventibus</span> <span class='ocrx_word' id='word_1_163' title='bbox 604 2930 794 3010; x_wconf 87' lang='lat' dir='ltr'>bonafide</span> <span class='ocrx_word' id='word_1_164' title='bbox 819 2960 959 3013; x_wconf 87' lang='lat' dir='ltr'>necnon</span> <span class='ocrx_word' id='word_1_165' title='bbox 984 2935 1133 3018; x_wconf 87' lang='lat' dir='ltr'>obedire</span> <span class='ocrx_word' id='word_1_166' title='bbox 1157 2935 1334 3016; x_wconf 78' lang='lat' dir='ltr'>narrdatis</span> <span class='ocrx_word' id='word_1_167' title='bbox 1361 2939 1536 3032; x_wconf 77' lang='lat' dir='ltr'>ecclesie,</span> <span class='ocrx_word' id='word_1_168' title='bbox 1564 2954 1601 3015; x_wconf 91' lang='lat' dir='ltr'>ut</span> <span class='ocrx_word' id='word_1_169' title='bbox 1618 2940 1788 3042; x_wconf 86' lang='lat' dir='ltr'>princeps</span> <span class='ocrx_word' id='word_1_170' title='bbox 1809 2941 2026 3032; x_wconf 79' lang='lat' dir='ltr'>katholicus,</span> <span class='ocrx_word' id='word_1_171' title='bbox 2050 2953 2092 3016; x_wconf 86' lang='lat' dir='ltr'>et</span> 
     </span>
     <span class='ocr_line' id='line_1_19' title="bbox 409 3037 2093 3226; baseline 0.001 -110"><span class='ocrx_word' id='word_1_172' title='bbox 409 3061 552 3220; x_wconf 42' lang='lat' dir='ltr'>pelopea,</span> <span class='ocrx_word' id='word_1_173' title='bbox 577 3037 806 3218; x_wconf 51' lang='lat' dir='ltr'>prtoleserptibus</span> <span class='ocrx_word' id='word_1_174' title='bbox 814 3039 1094 3222; x_wconf 54' lang='lat' dir='ltr'>gouofabilibus</span> <span class='ocrx_word' id='word_1_175' title='bbox 1121 3041 1354 3224; x_wconf 66' lang='lat' dir='ltr'>etdiscretip</span> <span class='ocrx_word' id='word_1_176' title='bbox 1378 3043 1656 3223; x_wconf 62' lang='lat' dir='ltr'>ridsGdominis</span> <span class='ocrx_word' id='word_1_177' title='bbox 1680 3045 1708 3120; x_wconf 82' lang='lat' dir='ltr'>J</span> <span class='ocrx_word' id='word_1_178' title='bbox 1713 3045 1873 3224; x_wconf 61' lang='lat' dir='ltr'>ohanp)</span> <span class='ocrx_word' id='word_1_179' title='bbox 1863 3043 1962 3223; x_wconf 51' lang='lat' dir='ltr'>ende</span> <span class='ocrx_word' id='word_1_180' title='bbox 1977 3047 2093 3226; x_wconf 53' lang='lat'>⁸¹21}</span> 
     </span>
     <span class='ocr_line' id='line_1_20' title="bbox 412 3165 2006 3240; baseline 0.003 -19"><span class='ocrx_word' id='word_1_181' title='bbox 412 3166 434 3221; x_wconf 92' lang='lat' dir='ltr'>c</span> <span class='ocrx_word' id='word_1_182' title='bbox 475 3166 496 3218; x_wconf 93' lang='lat' dir='ltr'>o</span> <span class='ocrx_word' id='word_1_183' title='bbox 556 3167 608 3222; x_wconf 88' lang='lat' dir='ltr'>en</span> <span class='ocrx_word' id='word_1_184' title='bbox 647 3165 692 3219; x_wconf 95' lang='lat' dir='ltr'>or</span> <span class='ocrx_word' id='word_1_185' title='bbox 748 3168 780 3218; x_wconf 88' lang='lat' dir='ltr'>s.</span> <span class='ocrx_word' id='word_1_186' title='bbox 851 3167 938 3220; x_wconf 90' lang='lat' dir='ltr'>eoru</span> <span class='ocrx_word' id='word_1_187' title='bbox 977 3169 999 3222; x_wconf 90' lang='lat' dir='ltr'>e</span> <span class='ocrx_word' id='word_1_188' title='bbox 1053 3170 1243 3224; x_wconf 78' lang='lat' dir='ltr'>canonico</span> <span class='ocrx_word' id='word_1_189' title='bbox 1268 3171 1431 3226; x_wconf 71' lang='lat' dir='ltr'>eccesie</span> <span class='ocrx_word' id='word_1_190' title='bbox 1512 3173 1780 3240; x_wconf 82' lang='lat' dir='ltr'>nezuensrs,</span> <span class='ocrx_word' id='word_1_191' title='bbox 1924 3173 2006 3226; x_wconf 90' lang='lat' dir='ltr'>one</span> 
     </span>
     <span class='ocr_line' id='line_1_21' title="bbox 409 3244 2091 3354; baseline 0.003 -30"><span class='ocrx_word' id='word_1_192' title='bbox 409 3245 554 3324; x_wconf 83' lang='lat' dir='ltr'>Lobel</span> <span class='ocrx_word' id='word_1_193' title='bbox 587 3244 916 3345; x_wconf 82' lang='lat' dir='ltr'>Glogouiensis</span> <span class='ocrx_word' id='word_1_194' title='bbox 947 3250 1140 3350; x_wconf 85' lang='lat' dir='ltr'>prepositis</span> <span class='ocrx_word' id='word_1_195' title='bbox 1173 3249 1428 3344; x_wconf 86' lang='lat' dir='ltr'>ecclesiarum,</span> <span class='ocrx_word' id='word_1_196' title='bbox 1461 3253 1692 3330; x_wconf 82' lang='lat' dir='ltr'>Bartlrone</span> <span class='ocrx_word' id='word_1_197' title='bbox 1722 3265 1954 3354; x_wconf 80' lang='lat' dir='ltr'>procuratore</span> <span class='ocrx_word' id='word_1_198' title='bbox 1981 3251 2091 3329; x_wconf 80' lang='lat' dir='ltr'>Glo-</span> 
     </span>
     <span class='ocr_line' id='line_1_22' title="bbox 411 3349 2091 3460; baseline 0.004 -31"><span class='ocrx_word' id='word_1_199' title='bbox 411 3350 642 3452; x_wconf 77' lang='lat' dir='ltr'>gouiensi,</span> <span class='ocrx_word' id='word_1_200' title='bbox 667 3349 873 3427; x_wconf 88' lang='lat' dir='ltr'>Johanne</span> <span class='ocrx_word' id='word_1_201' title='bbox 897 3349 1462 3456; x_wconf 77' lang='lat' dir='ltr'>predicatoreStynauiensi,</span> <span class='ocrx_word' id='word_1_202' title='bbox 1487 3357 1662 3433; x_wconf 87' lang='lat' dir='ltr'>Jacobo</span> <span class='ocrx_word' id='word_1_203' title='bbox 1688 3355 1825 3434; x_wconf 85' lang='lat' dir='ltr'>vicario</span> <span class='ocrx_word' id='word_1_204' title='bbox 1849 3355 1982 3434; x_wconf 83' lang='lat' dir='ltr'>ibidem</span> <span class='ocrx_word' id='word_1_205' title='bbox 2005 3382 2091 3460; x_wconf 89' lang='lat' dir='ltr'>pre-</span> 
     </span>
     <span class='ocr_line' id='line_1_23' title="bbox 412 3451 2092 3558; baseline 0.005 -29"><span class='ocrx_word' id='word_1_206' title='bbox 412 3453 576 3546; x_wconf 85' lang='lat' dir='ltr'>sbiteris,</span> <span class='ocrx_word' id='word_1_207' title='bbox 621 3451 816 3530; x_wconf 85' lang='lat' dir='ltr'>Nicolao</span> <span class='ocrx_word' id='word_1_208' title='bbox 849 3452 1030 3533; x_wconf 82' lang='lat' dir='ltr'>advocato</span> <span class='ocrx_word' id='word_1_209' title='bbox 1060 3454 1376 3558; x_wconf 81' lang='lat' dir='ltr'>Styuauiensi,</span> <span class='ocrx_word' id='word_1_210' title='bbox 1415 3456 1623 3537; x_wconf 83' lang='lat' dir='ltr'>Conrado</span> <span class='ocrx_word' id='word_1_211' title='bbox 1661 3459 1908 3552; x_wconf 84' lang='lat' dir='ltr'>Prutlreno,</span> <span class='ocrx_word' id='word_1_212' title='bbox 1955 3461 2092 3538; x_wconf 83' lang='lat' dir='ltr'>Petro</span> 
     </span>
     <span class='ocr_line' id='line_1_24' title="bbox 412 3554 2091 3657; baseline 0.008 -28"><span class='ocrx_word' id='word_1_213' title='bbox 412 3554 635 3657; x_wconf 89' lang='lat' dir='ltr'>Wyerech</span> <span class='ocrx_word' id='word_1_214' title='bbox 659 3556 830 3656; x_wconf 78' lang='lat' dir='ltr'>magistro</span> <span class='ocrx_word' id='word_1_215' title='bbox 855 3567 939 3638; x_wconf 90' lang='lat' dir='ltr'>tunc</span> <span class='ocrx_word' id='word_1_216' title='bbox 966 3560 1111 3654; x_wconf 83' lang='lat' dir='ltr'>civium,</span> <span class='ocrx_word' id='word_1_217' title='bbox 1144 3561 1283 3639; x_wconf 88' lang='lat' dir='ltr'>Petro</span> <span class='ocrx_word' id='word_1_218' title='bbox 1308 3563 1674 3640; x_wconf 79' lang='lat' dir='ltr'>Wrawentreultt</span> <span class='ocrx_word' id='word_1_219' title='bbox 1697 3564 1907 3641; x_wconf 78' lang='lat' dir='ltr'>consdibus</span> <span class='ocrx_word' id='word_1_220' title='bbox 1934 3566 2091 3642; x_wconf 74' lang='lat' dir='ltr'>civitatis</span> 
     </span>
     <span class='ocr_line' id='line_1_25' title="bbox 413 3657 2091 3772; baseline 0.007 -38"><span class='ocrx_word' id='word_1_221' title='bbox 413 3659 449 3736; x_wconf 91' lang='lat' dir='ltr'>in</span> <span class='ocrx_word' id='word_1_222' title='bbox 476 3657 715 3761; x_wconf 85' lang='lat' dir='ltr'>Stynauia,</span> <span class='ocrx_word' id='word_1_223' title='bbox 742 3661 1017 3739; x_wconf 79' lang='lat' dir='ltr'>chczlone</span> <span class='ocrx_word' id='word_1_224' title='bbox 1042 3661 1091 3741; x_wconf 84' lang='lat' dir='ltr'>de</span> <span class='ocrx_word' id='word_1_225' title='bbox 1108 3663 1344 3744; x_wconf 81' lang='lat' dir='ltr'>llalrouica</span> <span class='ocrx_word' id='word_1_226' title='bbox 1363 3664 1493 3766; x_wconf 88' lang='lat' dir='ltr'>judice</span> <span class='ocrx_word' id='word_1_227' title='bbox 1511 3668 1610 3744; x_wconf 88' lang='lat' dir='ltr'>curie</span> <span class='ocrx_word' id='word_1_228' title='bbox 1628 3665 1715 3744; x_wconf 91' lang='lat' dir='ltr'>dicti</span> <span class='ocrx_word' id='word_1_229' title='bbox 1732 3664 1839 3746; x_wconf 89' lang='lat' dir='ltr'>ducis</span> <span class='ocrx_word' id='word_1_230' title='bbox 1856 3679 1894 3745; x_wconf 89' lang='lat' dir='ltr'>et</span> <span class='ocrx_word' id='word_1_231' title='bbox 1909 3667 1994 3745; x_wconf 86' lang='lat' dir='ltr'>aliis</span> <span class='ocrx_word' id='word_1_232' title='bbox 2010 3669 2091 3772; x_wconf 88' lang='lat' dir='ltr'>plu-</span> 
     </span>
     <span class='ocr_line' id='line_1_26' title="bbox 412 3761 1725 3872; baseline 0.002 -29"><span class='ocrx_word' id='word_1_233' title='bbox 412 3764 511 3843; x_wconf 80' lang='lat' dir='ltr'>riltus</span> <span class='ocrx_word' id='word_1_234' title='bbox 536 3761 610 3841; x_wconf 89' lang='lat' dir='ltr'>fide</span> <span class='ocrx_word' id='word_1_235' title='bbox 636 3761 767 3864; x_wconf 75' lang='lat' dir='ltr'>dignis.</span> <span class='ocrx_word' id='word_1_236' title='bbox 819 3765 951 3842; x_wconf 87' lang='lat' dir='ltr'>Datum</span> <span class='ocrx_word' id='word_1_237' title='bbox 974 3765 1069 3860; x_wconf 87' lang='lat' dir='ltr'>loco,</span> <span class='ocrx_word' id='word_1_238' title='bbox 1096 3792 1201 3860; x_wconf 82' lang='lat' dir='ltr'>auno,</span> <span class='ocrx_word' id='word_1_239' title='bbox 1227 3767 1299 3862; x_wconf 89' lang='lat' dir='ltr'>die,</span> <span class='ocrx_word' id='word_1_240' title='bbox 1325 3769 1426 3863; x_wconf 89' lang='lat' dir='ltr'>hora,</span> <span class='ocrx_word' id='word_1_241' title='bbox 1453 3771 1579 3870; x_wconf 82' lang='lat' dir='ltr'>qrribns</span> <span class='ocrx_word' id='word_1_242' title='bbox 1603 3795 1725 3872; x_wconf 77' lang='lat' dir='ltr'>supra</span> 
     </span>
    </p>

    <p class='ocr_par' dir='ltr' id='par_1_6' title="bbox 263 3865 2092 3998">
     <span class='ocr_line' id='line_1_27' title="bbox 263 3865 2092 3998; baseline 0.009 -62"><span class='ocrx_word' id='word_1_243' title='bbox 263 3877 371 3943; x_wconf 64' lang='lat' dir='ltr'>(erma</span> <span class='ocrx_word' id='word_1_244' title='bbox 517 3865 570 3944; x_wconf 79' lang='lat' dir='ltr'>Et</span> <span class='ocrx_word' id='word_1_245' title='bbox 595 3891 667 3966; x_wconf 79' lang='lat' dir='ltr'>ego</span> <span class='ocrx_word' id='word_1_246' title='bbox 691 3867 939 3962; x_wconf 80' lang='lat' dir='ltr'>lohannes,</span> <span class='ocrx_word' id='word_1_247' title='bbox 967 3881 1072 3948; x_wconf 74' lang='lat' dir='ltr'>osma</span> <span class='ocrx_word' id='word_1_248' title='bbox 1096 3871 1318 3950; x_wconf 83' lang='lat' dir='ltr'>Jolrunnis</span> <span class='ocrx_word' id='word_1_249' title='bbox 1342 3871 1392 3950; x_wconf 89' lang='lat' dir='ltr'>de</span> <span class='ocrx_word' id='word_1_250' title='bbox 1416 3871 1618 3974; x_wconf 73' lang='lat' dir='ltr'>Sogane,</span> <span class='ocrx_word' id='word_1_251' title='bbox 1650 3875 1808 3996; x_wconf 79' lang='lat' dir='ltr'>clericus</span> <span class='ocrx_word' id='word_1_252' title='bbox 1833 3875 1974 3998; x_wconf 48' lang='lat' dir='ltr'>Wm.</span> <span class='ocrx_word' id='word_1_253' title='bbox 1998 3875 2092 3979; x_wconf 87' lang='lat' dir='ltr'>dyo-</span> 
     </span>
    </p>

    <p class='ocr_par' dir='ltr' id='par_1_7' title="bbox 248 3945 2095 4387">
     <span class='ocr_line' id='line_1_28' title="bbox 248 3945 2094 4162; baseline 0.004 -113"><span class='ocrx_word' id='word_1_254' title='bbox 248 3945 398 4004; x_wconf 59' lang='lat' dir='ltr'>⁶⁴N⁰¹⁸¹³</span> <span class='ocrx_word' id='word_1_255' title='bbox 416 3971 534 4066; x_wconf 86' lang='lat' dir='ltr'>cesis,</span> <span class='ocrx_word' id='word_1_256' title='bbox 565 3971 728 4092; x_wconf 74' lang='lat' dir='ltr'>inperiali</span> <span class='ocrx_word' id='word_1_257' title='bbox 753 3973 972 4154; x_wconf 48' lang='lat' dir='ltr'>teituctoritpcpte</span> <span class='ocrx_word' id='word_1_258' title='bbox 1003 3974 1161 4052; x_wconf 81' lang='lat' dir='ltr'>notarius</span> <span class='ocrx_word' id='word_1_259' title='bbox 1187 3976 1369 4156; x_wconf 51' lang='lat' dir='ltr'>publrifcus,</span> <span class='ocrx_word' id='word_1_260' title='bbox 1396 3979 1555 4158; x_wconf 59' lang='lat' dir='ltr'>omnibpp</span> <span class='ocrx_word' id='word_1_261' title='bbox 1576 3978 1798 4159; x_wconf 53' lang='lat' dir='ltr'>lcirpesingulrs</span> <span class='ocrx_word' id='word_1_262' title='bbox 1815 3977 2094 4162; x_wconf 65' lang='lat' dir='ltr'>‚P&#39;id&#39;i¹¹⁵h⁰¹¹⁸</span> 
     </span>
     <span class='ocr_line' id='line_1_29' title="bbox 415 4087 2095 4292; baseline 0.006 -36"><span class='ocrx_word' id='word_1_263' title='bbox 415 4098 766 4280; x_wconf 58' lang='lat' dir='ltr'>ccciccc</span> <span class='ocrx_word' id='word_1_264' title='bbox 781 4087 1161 4281; x_wconf 54' lang='lat' dir='ltr'>{detecte</span> <span class='ocrx_word' id='word_1_265' title='bbox 1186 4092 1489 4286; x_wconf 60' lang='lat' dir='ltr'>ccciccc</span> <span class='ocrx_word' id='word_1_266' title='bbox 1505 4107 1623 4264; x_wconf 66' lang='lat' dir='ltr'>mir.</span> <span class='ocrx_word' id='word_1_267' title='bbox 1640 4107 2095 4292; x_wconf 57' lang='lat' dir='ltr'>2,⁰2¹,¹.?gllfflg„¹¹,¹,„2⁰,i</span> 
     </span>
     <span class='ocr_line' id='line_1_30' title="bbox 412 4283 1169 4387; baseline 0.004 -30"><span class='ocrx_word' id='word_1_268' title='bbox 412 4295 564 4383; x_wconf 72' lang='lat' dir='ltr'>‘rogatus</span> <span class='ocrx_word' id='word_1_269' title='bbox 589 4284 625 4363; x_wconf 92' lang='lat' dir='ltr'>iu</span> <span class='ocrx_word' id='word_1_270' title='bbox 650 4283 884 4362; x_wconf 82' lang='lat' dir='ltr'>testimonium</span> <span class='ocrx_word' id='word_1_271' title='bbox 908 4286 1169 4387; x_wconf 78' lang='lat' dir='ltr'>premissorum.</span> 
     </span>
    </p>
   </div>
   <div class='ocr_carea' id='block_1_5' title="bbox 462 4527 2098 4734">
    <p class='ocr_par' dir='ltr' id='par_1_8' title="bbox 462 4527 2098 4734">
     <span class='ocr_line' id='line_1_31' title="bbox 462 4527 2098 4656; baseline 0.011 -39"><span class='ocrx_word' id='word_1_272' title='bbox 462 4557 493 4642; x_wconf 79' lang='lat'>1)</span> <span class='ocrx_word' id='word_1_273' title='bbox 522 4527 644 4622; x_wconf 68' lang='lat' dir='ltr'>vvee&#39;er</span> <span class='ocrx_word' id='word_1_274' title='bbox 665 4557 750 4622; x_wconf 87' lang='lat' dir='ltr'>diese</span> <span class='ocrx_word' id='word_1_275' title='bbox 771 4555 936 4642; x_wconf 78' lang='lat' dir='ltr'>Urlruude,</span> <span class='ocrx_word' id='word_1_276' title='bbox 957 4557 1042 4628; x_wconf 82' lang='lat' dir='ltr'>noch</span> <span class='ocrx_word' id='word_1_277' title='bbox 1063 4572 1149 4630; x_wconf 88' lang='lat' dir='ltr'>soust</span> <span class='ocrx_word' id='word_1_278' title='bbox 1169 4571 1263 4626; x_wconf 81' lang='lat' dir='ltr'>etwas</span> <span class='ocrx_word' id='word_1_279' title='bbox 1284 4561 1364 4626; x_wconf 80' lang='lat' dir='ltr'>iiber</span> <span class='ocrx_word' id='word_1_280' title='bbox 1385 4562 1436 4628; x_wconf 89' lang='lat' dir='ltr'>die</span> <span class='ocrx_word' id='word_1_281' title='bbox 1458 4557 1668 4654; x_wconf 74' lang='lat' dir='ltr'>engeliihrten</span> <span class='ocrx_word' id='word_1_282' title='bbox 1690 4561 1925 4656; x_wconf 79' lang='lat' dir='ltr'>Streitiglteitcn</span> <span class='ocrx_word' id='word_1_283' title='bbox 1944 4565 2012 4634; x_wconf 90' lang='lat' dir='ltr'>und</span> <span class='ocrx_word' id='word_1_284' title='bbox 2033 4565 2098 4634; x_wconf 88' lang='lat' dir='ltr'>de-</span> 
     </span>
     <span class='ocr_line' id='line_1_32' title="bbox 522 4639 1003 4734; baseline 0.004 -28"><span class='ocrx_word' id='word_1_285' title='bbox 522 4664 581 4706; x_wconf 88' lang='lat' dir='ltr'>ren</span> <span class='ocrx_word' id='word_1_286' title='bbox 602 4639 773 4734; x_wconf 82' lang='lat' dir='ltr'>Beilegung</span> <span class='ocrx_word' id='word_1_287' title='bbox 793 4643 833 4708; x_wconf 81' lang='lat' dir='ltr'>iat</span> <span class='ocrx_word' id='word_1_288' title='bbox 852 4643 1003 4710; x_wconf 79' lang='lat' dir='ltr'>bekannt.</span> 
     </span>
    </p>
   </div>
   <div class='ocr_carea' id='block_1_6' title="bbox 1055 4913 1455 4927">
    <p class='ocr_par' dir='ltr' id='par_1_9' title="bbox 1055 4913 1455 4927">
     <span class='ocr_line' id='line_1_33' title="bbox 1055 4913 1455 4927; baseline 0.003 -3"><span class='ocrx_word' id='word_1_289' title='bbox 1055 4913 1455 4927; x_wconf 57' lang='grc' dir='ltr'>Ἠ</span> 
     </span>
    </p>
   </div>
   <div class='ocr_carea' id='block_1_7' title="bbox 0 0 2316 5764">
    <p class='ocr_par' dir='ltr' id='par_1_10' title="bbox 0 0 2316 5764">
     <span class='ocr_line' id='line_1_34' title="bbox 0 0 2316 5764; baseline 0 0"><span class='ocrx_word' id='word_1_290' title='bbox 0 0 2316 5764; x_wconf 95' lang='lat' dir='ltr'> </span> 
     </span>
    </p>
   </div>
  </div>
 </body>
</html>
