4634 5762
780 519 989 594 Ueterum
1047 517 1172 592 XCII.
1204 517 1352 594 XCIII.
1841 521 1912 600 llll

261 723 265 732 ’
328 721 563 824 corrigitur,
589 717 695 824 poter
717 715 936 815 merendo,
958 715 1146 800 euidenter
1165 711 1318 826 pissiis
1343 723 1518 824 colligere
1544 747 1594 804 ex
1609 727 1810 828 premissis,
1837 755 1916 808 mo-

231 840 400 906 montum
418 826 510 903 dom.
531 825 658 903 ducem
670 831 747 927 jorn
764 827 822 932 bis
840 849 889 932 ex
914 826 949 900 vi
969 827 1102 904 arbitrii
1118 828 1154 902 in
1172 829 1558 932 excommunicacionis
1584 834 1804 908 sentenciam
1821 835 1917 912 inci·

228 932 333 1010 ulisse
350 943 389 1009 et
405 933 502 1008 sicut
518 931 671 1032 spostoli
690 939 905 1024 statuerunt,
921 927 1107 1008 dicentem
1134 952 1212 1010 cum
1231 927 1547 1010 excommunicetis
1565 956 1633 1010 non
1652 931 1742 1012 csse
1758 961 1916 1014 commu-

226 1035 426 1127 nicnnrlum,
453 1059 521 1142 nos
538 1035 701 1112 instructi
720 1057 770 1110 ex
787 1031 939 1142 ‹leereto
955 1035 992 1108 ll
998 1033 1144 1111 onorii
1161 1059 1259 1139 pope
1276 1029 1448 1113 (licentior
1476 1059 1562 1114 cure
1587 1038 1635 1112 sit
1658 1041 1822 1116 omnibus
1835 1037 1917 1144 epi-

228 1141 364 1243 scopis,
391 1138 774 1218 excommnicatorum
792 1140 940 1212 omnium
956 1140 1107 1244 nomint,
1134 1152 1206 1216 tem
1223 1135 1352 1216 uicinis
1371 1141 1556 1242 episcopis
1574 1167 1677 1240 quom
1694 1141 1771 1218 suis
1788 1169 1917 1248 perros

229 1243 368 1324 chionis
384 1243 519 1346 pariter
535 1237 711 1334 indicere,
730 1249 905 1341 quotenus
924 1239 1242 1322 excommunicetis
1260 1238 1389 1346 ubique
1406 1243 1688 1322 ecclesiasticus
1706 1245 1827 1323 aditus
1845 1271 1917 1325 ex-

228 1347 394 1426 olurlntur
411 1359 449 1424 et
465 1339 724 1423 excusacionis
742 1369 859 1423 causo
875 1338 1034 1422 omnibus
1052 1343 1237 1424 suferetur
1251 1348 1290 1440 ¹),
1316 1368 1485 1448 rogemur
1502 1371 1570 1423 vos
1588 1359 1762 1449 tomqnnm
1777 1362 1917 1460 putrem
2021 1386 2025 1395 ·

228 1447 457 1531 &dominum
474 1449 726 1542 uenerandum,
745 1461 785 1524 ut
801 1471 880 1526 euru
897 1451 979 1554 ipso
996 1449 1146 1528 ducein
1162 1451 1285 1528 vetitis
1303 1477 1327 1526 n
1338 1455 1424 1552 jure
1441 1473 1509 1526 non
1526 1445 1763 1554 pn'rticipetis,
1785 1455 1818 1530 si
1833 1456 1917 1532 rul-

229 1557 275 1632 r's
306 1551 502 1632 ecclesium
525 1549 696 1629 nostram
714 1553 853 1628 solvam
878 1555 1081 1632 consistere
1105 1565 1143 1631 et
1165 1577 1235 1632 non
1259 1556 1368 1632 vultis
1394 1555 1631 1658 perniciosum
1657 1558 1858 1660 exemplum
1880 1560 1917 1634 in

229 1657 590 1750 monesterium,
617 1654 712 1757 quod
728 1657 821 1732 enlm
839 1681 863 1732 a
879 1655 1029 1759 prelatis
1048 1660 1177 1759 agitur,
1203 1659 1358 1736 facilen
1377 1657 1704 1735 enuntiarentur
1726 1662 1762 1736 in
1790 1685 1917 1740 exero·

229 1763 335 1868 plum,
362 1773 401 1837 ut
422 1775 670 1866 pretercomus
693 1783 834 1862 penum,
861 1785 963 1864 quom
986 1761 1150 1866 prelatos
1172 1763 1319 1863 legatus
1344 1765 1470 1838 statuit
1486 1761 1536 1839 de
1560 1764 1707 1842 clericis
1725 1767 1916 1843 communi·

233 1861 405 1946 ossibus
416 1891 494 1942 cum
513 1864 842 1957 excommunicetis,
858 1888 926 1966 per
942 1859 1185 1968 quemcunque
1203 1866 1377 1944 sciuerint
1388 1866 1448 1942 vel
1464 1866 1708 1944 intellexerint
1722 1871 1918 1977 quempiam

231 1993 320 2050 me
342 1965 727 2048 excommunicacionis
750 1969 939 2045 sonoenciu
967 1969 1183 2046 inundemur.
1224 1971 1357 2046 Dotnm
1381 1968 1661 2066 0tmuclrow,
1695 1969 1821 2048 XVll.
1845 1975 1918 2050 lru·

182 2101 188 2112 ·
230 2073 327 2153 leod.
343 2073 444 2152 Julii.
517 2071 521 2076 ’

323 2379 762 2564 promereremur
780 2379 1187 2460 remunerantes
1204 2329 1239 2460 i.
1257 2335 1812 2460 romaum-ommi·
1829 2407 1918 2460 cm-

231 2509 323 2590 greg
374 2513 406 2564 s.

332 2691 411 2770 Sub
429 2691 533 2768 cecis
547 2689 667 2768 licium
684 2689 930 2790 questionibus
955 2711 1075 2767 corum
1091 2691 1289 2768 venerabili
1313 2701 1417 2794 petre
1434 2690 1527 2768 ulem.
1546 2689 1796 2794 Ph(ilippo)
1820 2691 1918 2768 tuir-
1934 2715 2029 2768 xcrn.

230 2821 353 2873 mono
420 2809 568 2896 .npost
585 2793 667 2871 sed.
684 2795 758 2895 leg.
773 2791 1100 2900 perUngorinm
1118 2795 1404 2872 etPolnuinm
1421 2796 1918 2900 interillprincipcmllen-
1933 2797 2049 2922 μ’,

230 2901 366 2978 riuum
410 2956 419 2974 .
438 2898 599 3010 Slezic
617 2909 654 2974 et
671 2897 763 2974 dum.
784 2899 922 2974 Wrot.
941 2921 991 2975 ex
1008 2911 1113 3002 porte
1130 2923 1213 2990 uno,
1238 2923 1317 2992 nos,
1342 2899 1535 3002 copitulum
1560 2913 1716 2976 nostrum
1735 2912 1774 2976 et
1790 2901 1919 2978 eccle·
1969 2873 2058 2924 ‘'¹³''

231 3005 321 3080 sium
343 3015 500 3080 nostrum
525 3027 575 3079 ex
598 3003 727 3096 oltero,
753 3000 900 3078 tondum
922 3003 1003 3103 ipse
1026 3001 1114 3094 dux,
1140 2999 1258 3102 mogis
1284 3003 1507 3104 amplectens
1533 3002 1735 3104 procedere
1758 3029 1825 3104 per
1840 3027 1920 3080 rno-

232 3106 312 3184 tlum
328 3108 436 3208 pacis
453 3117 492 3182 et
509 3105 716 3200 concordie,
742 3106 910 3182 obmissis
924 3105 1156 3182 meminus
1182 3103 1403 3205 questionum
1427 3107 1462 3182 in
1486 3105 1600 3212 ipsum
1626 3107 1785 3206 legatum
1806 3107 1924 3207 primo'

232 3221 271 3289 et
286 3211 529 3314 principaliter
551 3221 680 3312 sponte
699 3221 737 3286 et
752 3209 866 3286 libore
889 3210 957 3284 sub
973 3231 1071 3312 peno
1093 3207 1192 3286 mille
1208 3231 1403 3286 marcorum
1420 3210 1497 3284 ouri
1515 3220 1552 3285 et
1569 3209 1920 3287 excommunicacio-

232 3315 290 3390 nis
307 3315 498 3392 sentencie
518 3337 584 3416 pro
609 3339 653 3390 se
677 3325 715 3390 et
740 3311 822 3389 suis
842 3310 1038 3390 heredibus
1064 3311 1313 3415 compromisit.
1340 3313 1424 3388 Nos
1442 3313 1558 3390 eciem
1575 3337 1647 3388 unc
1664 3337 1743 3389 cnm
1762 3313 1920 3415 capitulo

232 3429 356 3496 nostw
373 3415 511 3496 nomine
529 3418 693 3494 ecclesie
709 3427 845 3510 nostre,
871 3415 960 3494 licet
977 3413 1236 3518 quodammodo
1251 3417 1351 3492 inuiti
1368 3443 1392 3494 o
1408 3417 1592 3520 principio,
1619 3414 1843 3519 postmodum
1859 3429 1920 3494 to·

232 3547 311 3600 men
329 3534 459 3624 sponte
476 3533 516 3598 et
533 3520 648 3597 libere
662 3521 698 3595 in
716 3519 867 3598 eundem
884 3521 1042 3620 legatum
1060 3521 1222 3598 similiter
1238 3518 1542 3624 compromisimus
1566 3521 1839 3621 subsequenter,
1866 3521 1922 3598 si·
2048 3585 2050 3590 ,

233 3639 295 3706 cut
310 3627 381 3704 lrec
398 3627 435 3702 in
451 3625 681 3700 instrumento
699 3625 945 3726 compromissi
960 3647 1028 3726 per
1051 3648 1188 3702 monum
1211 3623 1389 3728 publicem
1412 3649 1523 3728 super
1545 3621 1617 3702 tce
1645 3625 1814 3704 conlecto
1837 3625 1922 3727 ple·

233 3731 313 3808 nius
330 3730 581 3833 exprimuntur.
610 3727 679 3818 Qui
695 3728 854 3827 legonus,
871 3729 906 3804 in
924 3751 969 3804 se
986 3741 1161 3831 suscqrto
1179 3731 1446 3832 compromisso,
1467 3729 1559 3806 licet
1566 3733 1644 3830 jum
1660 3729 1730 3806 iter
1747 3729 1923 3831 nrripuis«

234 3847 293 3958 set
310 3845 347 3909 ut
362 3833 654 3954 proficisceretur
671 3829 777 3908 extro
792 3829 1008 3934 provinciam
1027 3855 1094 3956 suo
1111 3833 1292 3933 legacioni
1309 3831 1594 3956 ‹lecretnmnon
1611 3835 1924 3954 tomenoegressus'

233 3935 599 4144 psut',
611 3934 1921 4154 numerumnunerumruricus:

235 4145 397 4224 ecclesie
422 4143 586 4246 speciale
611 4141 679 4218 sub
702 4167 794 4218 anno
819 4067 949 4217 (lumini
965 4139 1267 4220 mcccxxxrt
1290 4139 1325 4217 in
1352 4141 1413 4219 tlio
1438 4144 1473 4218 b.
1497 4143 1691 4220 homuncii
1716 4141 1795 4254 tulit
1817 4167 1921 4218 suun
1937 4129 1978 4186 ¹⁰·
1991 4136 2061 4204 ΑΨ·

235 4250 411 4327 utimum
430 4259 468 4326 ct
485 4249 599 4325 eciam
616 4246 826 4350 publicavit,
852 4245 933 4349 ipso
951 4241 1044 4320 rlorn.
1063 4243 1161 4322 ulrice
1175 4253 1216 4323 et
1232 4247 1338 4322 nohis
1353 4245 1576 4339 absentibus,
1604 4245 1700 4322 siunt
1723 4245 1758 4321 ei
1776 4249 1825 4321 ex
1842 4245 1919 4322 lur-

235 4353 407 4432 mnlicuit
418 4351 674 4454 compromissi.
699 4349 765 4428 lllx
777 4349 858 4452 ipso
871 4359 988 4426 nutem
1006 4349 1151 4427 arbitrio
1167 4350 1317 4428 sicluto
1335 4349 1372 4427 et
1389 4349 1682 4452 paulimpium
1696 4349 1823 4426 cetero
1839 4349 1922 4428 eol·

236 4455 356 4558 ligitur'
371 4457 591 4534 tffis'teuor:
615 4455 778 4532 uolumus
794 4454 1062 4556 premes-³).
1132 4487 1138 4498 ·
1172 4453 1177 4460 '
1289 4453 1292 4462 '
1917 4488 1921 4498 ·

277 4727 315 4812 1)
340 4731 377 4794 ln
399 4725 581 4794 decretiso.
602 4727 647 4792 20
668 4725 703 4793 C.
724 4727 785 4794 xl.
807 4737 926 4814 qutent.
948 4723 999 4793 is
1205 4751 1208 4759 ·
1368 4768 1372 4779 ι
1408 4750 1430 4786 x
1625 4725 1628 4734 '

279 4819 316 4898 2)
344 4813 437 4880 Diese
460 4811 557 4879 Stellc
585 4809 705 4878 cnth'lt
728 4811 964 4878 cosmate-die
985 4811 1103 4878 Wurte
1130 4811 1185 4877 tleu
1211 4809 1348 4878 Scirietlr·
1369 4833 1441 4878 vom
1464 4810 1514 4877 lu.
1535 4815 1629 4904 Aug«,
1649 4809 1730 4878 Urit,
1747 4809 1788 4877 Ν.
1809 4809 1921 4877 LXIX

248 4935 251 4940 ·
343 4899 414 4985 34,
435 4899 467 4964 8.
489 4899 534 4964 78
552 4899 589 4964 Z.
613 4899 630 4963 l
652 4899 702 4962 bit
723 4899 760 4962 Ζ.
783 4898 821 4962 ll
845 4899 1009 4964 restituere
1027 4907 1188 4981 urentur,
1210 4915 1274 4966 un·
1294 4897 1355 4964 mit
1374 4893 1587 4990 Wegluruug
1607 4895 1666 4962 der-
1687 4897 1805 4963 Wurte
1825 4895 1862 4963 Ζ.
1882 4895 1922 4962 9:

342 4995 375 5051 et
394 4981 573 5076 specialiter
594 4983 733 5050 decimus
754 4981 795 5048 de
818 4983 960 5049 liichiuu.
