4634 5762
387 511 437 588 Μ
860 512 1079 584 drumm
1132 511 1368 586 uma.
1399 512 1618 584 MXXIV.

219 736 366 790 nxxxrn.
491 715 616 792 'l'onnr
639 713 820 790 limmat
840 712 1026 790 missum
1050 711 1228 814 prierint
1246 713 1423 816 subpriori
1445 713 1509 792 vel
1522 737 1645 790 eorunm
1661 712 1936 812 vicesg'erenti
1949 711 2083 812 totique

254 817 337 942 ἢν
386 817 580 898 mne-an
597 816 743 919 fratrum
754 814 897 893 ¹ordinis
913 813 1188 894 Pretlinatnrun'r
1205 815 1303 920 apud
1321 817 1461 892 Wrat.
1481 841 1621 894 necnon
1638 827 1679 894 et
1694 817 1800 918 priori
1818 816 2031 918 provinciali
2048 827 2087 892 et

285 905 300 942 ⁸
389 921 509 1000 edam
529 919 635 999 uun
655 920 910 996 Vincencio
934 922 971 996 in
994 919 1374 1020 Erankinberg1),
1414 920 1591 996 visitatori
1617 919 1791 999 (lictorum
1819 920 1970 996 frenum
1989 920 2085 998 Press

388 1024 600 1107 domam
830 1035 834 1044 '
998 1033 1002 1042 '
1245 1033 1249 1043 '
1738 1031 1742 1039 “

493 1128 536 1203 ln
553 1137 734 1227 stuporem
750 1149 819 1200 non
836 1126 997 1202 inmerito
1014 1125 1118 1203 nobis
1135 1126 1252 1216 vertit,
1278 1124 1375 1226 quud
1390 1146 1473 1202 cunr
1490 1151 1558 1202 ros
1576 1149 1748 1226 nunquam
1768 1128 1814 1202 ab
1834 1125 2000 1205 ecolem'a
2016 1151 2084 1202 ns·

391 1241 479 1326 stra,
507 1255 576 1331 que
593 1239 707 1305 mater
723 1238 851 1304 vestra
868 1239 943 1321 est,
971 1229 1169 1306 scissuram
1194 1230 1345 1329 aliquam
1370 1229 1551 1322 feceritis,
1578 1229 1651 1306 sed
1673 1256 1818 1332 semper
1838 1231 1873 1306 in
1897 1235 1980 1330 ejus
1997 1254 2084 1332 per-

390 1334 593 1412 manseritis
620 1331 766 1422 unione,
793 1331 909 1433 ipsam
928 1337 1040 1432 juxta
1062 1343 1187 1409 vestre
1211 1331 1463 1434 possibilitatis
1488 1331 1665 1408 modulum
1688 1343 1955 1426 sustentantes,
1988 1331 2086 1410 unde

389 1439 462 1516 boc
481 1437 653 1529 evenerit,
672 1432 769 1535 quod
786 1435 968 1512 confrater
983 1446 1121 1529 vester,
1143 1436 1418 1513 Wilbelmus
1436 1434 1557 1512 dictus
1575 1437 1733 1530 Owen,
1760 1437 1925 1539 impetum
1942 1437 2086 1514 faciens

389 1544 426 1620 in
444 1553 567 1618 nostra
593 1539 758 1616 ecelesia
776 1537 990 1630 cathedrali,
1018 1565 1096 1616 cunr
1114 1539 1176 1640 agi
1194 1538 1369 1616 deberent
1385 1541 1634 1642 processionis
1655 1542 1824 1632 misteria,
1853 1539 2008 1619 divinum
2025 1539 2085 1616 ol-

303 1644 307 1652 ’
390 1645 508 1722 licium
530 1642 751 1746 perturbavit
782 1653 820 1719 et
843 1666 911 1718 non
937 1643 1069 1734 solum,
1100 1653 1276 1743 tamquam
1302 1641 1562 1720 advocaoionis
1590 1643 1744 1720 cilicium
1767 1667 1832 1746 pro
1860 1655 1966 1746 parte
1991 1642 2084 1719 dom.

392 1749 497 1826 ducis
516 1753 666 1848 gerens,
694 1743 764 1822 sed
782 1746 898 1845 magis
915 1771 1107 1822 assumens
1124 1759 1249 1848 partes
1261 1743 1421 1847 judicis,
1449 1748 1548 1849 cepit
1571 1744 1619 1823 de
1638 1747 1730 1822 dom.
1749 1747 1863 1848 legati
1888 1747 2032 1830 arbitrio
2049 1748 2085 1822 in

392 1853 503 1930 choro
520 1851 664 1954 publice
680 1849 715 1923 in
733 1850 927 1950 presencia
942 1850 1092 1950 plurium
1103 1848 1294 1948 judicare,
1322 1849 1470 1927 dicens:
1503 1851 1619 1952 ipsum
1644 1851 1823 1936 arbitrium
1846 1851 1978 1928 nullum
1996 1873 2084 1928 esse

393 1967 431 2034 et
446 1981 514 2058 per
530 1976 759 2052 consequens
778 1975 828 2028 ex
845 1953 883 2026 vi
904 1953 1019 2054 ipsius
1043 1953 1196 2044 arbitrii,
1222 1953 1310 2030 licet
1331 1952 1429 2030 idem
1451 1951 1528 2028 dux
1552 1955 1665 2132 ippum
1691 1981 1760 2031 non
1784 1965 1967 2048 servaret,
1995 1979 2085 2030 eun-

392 2059 474 2136 dem
492 2057 621 2134 ducem
638 2057 675 2130 in
692 2055 822 2130 nullam
841 2056 1228 2133 excommunicacionis
1245 2058 1466 2144 sentenciam
1483 2058 1556 2134 inci
1583 2059 1679 2149 sse,
1709 2070 1746 2134 et
1771 2059 1891 2133 statim
1908 2081 2085 2157 egressus

392 2161 442 2239 de
468 2163 596 2253 elroro,
624 2171 825 2252 convocato
850 2159 982 2262 populo
1003 2160 1041 2235 in
1064 2160 1236 2236 cimiterio
1260 2161 1425 2237 ecclesie
1449 2159 1697 2254 kathedralis,
1724 2161 1838 2262 ipsum
1863 2159 1993 2238 ducem
2015 2185 2086 2236 nnn

392 2289 481 2344 esse
499 2261 680 2339 vitandum
703 2284 774 2339 nec
799 2285 887 2356 esse
911 2263 1253 2340 excommunicatum
1278 2287 1327 2340 ex
1351 2264 1389 2339 vi
1413 2265 1546 2340 arbitrii
1563 2267 1855 2342 manifestissime
1872 2263 2084 2368 predicavit.

391 2371 456 2446 Ne
469 2378 591 2460 ¹autem
608 2376 709 2442 tanta
724 2367 920 2458 temeritas,
947 2368 980 2442 si
995 2367 1155 2469 inpunita
1171 2377 1356 2444 remaneat
1373 2377 1412 2444 et
1433 2368 1524 2458 lacti
1539 2371 1763 2470 perversitas
1781 2369 2086 2471 presumptoribns

393 2483 557 2549 transeat
579 2472 614 2546 in
638 2469 839 2570 exemplum
863 2494 1032 2570 rogamus
1054 2495 1142 2564 vos,
1168 2481 1208 2546 ut
1225 2475 1336 2571 juxta
1354 2470 1616 2548 discrecionem
1640 2483 1798 2549 vestram
1815 2499 1879 2574 pro
1897 2483 1997 2548 tanto
2016 2495 2085 2548 ex·

394 2598 506 2652 cessu
524 2572 641 2651 eidem
658 2573 761 2648 fratri
776 2571 1058 2674 W(ilbelmo)
1083 2598 1213 2675 penam
1231 2574 1446 2675 condignam
1470 2586 1508 2652 et
1523 2577 1763 2677 penitenciam
1784 2577 1992 2680 imponatis,
2019 2597 2086 2650 nos

393 2701 481 2756 vero
500 2675 712 2754 scandalum
730 2689 886 2752 nostrum
905 2688 944 2753 et
960 2677 1123 2756 ecclesie
1140 2689 1264 2755 nostre
1289 2703 1357 2755 non
1375 2679 1544 2755 valentes
1562 2678 1807 2773 dissimulare,
1835 2691 1873 2754 nt
1897 2679 1993 2756 idem
2009 2677 2086 2754 fra-

393 2793 450 2858 ter
466 2780 740 2872 Willrelmus
764 2781 930 2882 puniatur
944 2780 981 2855 in
1005 2805 1051 2856 ao
1075 2782 1199 2881 inquo
1218 2779 1378 2882 deliquid
1397 2783 1509 2880 (sie),
1535 2783 1804 2884 predicacionis
1829 2783 1897 2859 sibi
1914 2783 2086 2886 prohibe·

393 2906 471 2976 mns
489 2884 644 2961 officinm
662 2907 729 2986 per
745 2891 854 2959 totam
868 2895 1029 2975 ¹nostram
1047 2882 1227 2986 dyocesin
1242 2886 1280 2961 in
1295 2887 1366 2974 hijs
1384 2885 1578 2988 seriptist).

225 3319 372 3371 nxxxru
496 3297 622 3373 Terror
649 3297 769 3374 littere
793 3297 906 3374 misse
929 3321 996 3398 per
1026 3295 1233 3395 magistrum
1252 3296 1433 3394 Petrum
1464 3294 1604 3372 domino
1634 3297 1832 3374 Johanni
1865 3297 2085 3374 Muscate.

264 3397 351 3521 Ψ,
394 3397 630 3496 monas]
645 3397 690 3474 d.
717 3425 770 3498 gr.
796 3411 868 3476 etc.
899 3397 1049 3500 provido
1072 3400 1150 3474 viro
1176 3409 1248 3476 etc.
1309 3399 1473 3489 Qualiter
1495 3397 1653 3476 diversis
1670 3401 1935 3500 gravaminibus
1960 3410 1997 3477 et
2017 3423 2086 3476 ve·

265 3506 272 3522 '
307 3485 361 3520 '¹¹¹‘
394 3501 609 3576 xenionibns
626 3527 693 3602 per
710 3501 803 3576 dom.
822 3501 952 3578 ducem
968 3503 1110 3577 Wrat.
1135 3527 1202 3577 nos
1221 3513 1259 3578 et
1276 3503 1397 3578 clerus
1414 3513 1539 3579 noster
1555 3505 1720 3581 eeclesia
1744 3517 1781 3581 et
1798 3505 1959 3581 homines
1983 3507 2086 3580 e‘na-

396 3601 477 3678 dem
502 3601 691 3702 affligimur
711 3604 941 3681 incessanter
973 3617 1011 3680 et
1034 3603 1209 3705 quomodo
1234 3605 1335 3682 circa
1358 3606 1491 3682 sactum
1514 3607 1665 3701 arbitrii,
1707 3607 1803 3708 qnod
1833 3607 1938 3684 vobis
1967 3529 2088 3684 adnuo

394 3706 625 3809 presentibus
641 3707 677 3780 in
695 3707 837 3782 Wrat.
857 3707 1073 3808 publicatum
1091 3707 1175 3803 luit,
1202 3722 1328 3785 nostra
1343 3708 1544 3811 procedant
1560 3712 1728 3810 negocia,
1755 3709 1986 3814 perlatorem
2002 3735 2088 3813 pre·

395 3811 556 3888 sencinm
579 3809 684 3884 vobis
706 3810 972 3885 transmittimus
996 3812 1136 3910 absque
1150 3812 1281 3911 ¹sigillo
1307 3812 1486 3914 quoddam
1516 3813 1664 3908 rodale,
1697 3815 1769 3892 hoe
1792 3825 1852 3892 est
1873 3816 1909 3889 in
1934 3811 2088 3916 quadam

395 3911 531 4008 cedula
551 3913 733 4007 involuta,
757 3926 796 3989 nt
817 3937 905 4008 vos,
931 3915 1015 4018 ipsa
1037 3911 1171 3991 cedula
1188 3941 1266 3992 cnm
1284 3913 1481 4016 diligencia
1496 3918 1678 4018 perlecta,
1706 3920 1806 3996 eirca
1822 3929 1949 3995 vestra
1970 3941 2088 4018 nego-

396 4019 456 4095 ci'a
479 4017 631 4121 possitis
654 4017 797 4119 plenius
821 4019 999 4094 informari
1025 4031 1063 4095 et
1085 4017 1235 4112 donninis
1259 4022 1421 4096 Latino
1448 4019 1638 4115 cardinali,
1666 4023 1875 4098 llirmano
1900 4021 2087 4124 episcopo,

395 4121 571 4223 qnondam
596 4121 750 4223 apostol.
777 4120 858 4197 sed.
884 4121 1009 4221 legato
1032 4145 1078 4201 ac
1103 4123 1205 4215 aliis,
1233 4123 1349 4224 quiin
1374 4125 1476 4201 curia
1492 4125 1687 4201 Romana
1707 4125 1744 4201 in
1769 4125 2016 4204 defensionem
2040 4146 2089 4202 ac

349 4307 351 4310 ,
395 4227 585 4303 tuicionem
602 4251 670 4302 nos
689 4237 728 4302 et
740 4225 938 4302 ecclesiam
956 4226 1200 4328 suscipientes
1217 4239 1411 4329 protegere
1428 4229 1681 4328 aquibuslibet
1696 4229 1990 4332 inpugnatoribus
2008 4252 2090 4306 eam

395 4327 535 4424 volunt,
561 4341 687 4406 nostra
712 4331 921 4429 gravamina
943 4339 980 4406 et
1005 4329 1224 4423 violencias‚
1252 4357 1321 4430 qne
1345 4332 1415 4433 ipsi
1434 4332 1599 4410 ecclesie
1622 4333 1844 4424 inseruntur,
1864 4333 2000 4411 clarius
2016 4357 2089 4409 ex·

395 4429 545 4530 plicare.
599 4431 707 4509 Sicut
731 4443 848 4509 antem
870 4433 994 4526 vobis,
1023 4458 1101 4510 cnm
1127 4459 1151 4509 a
1173 4435 1277 4510 nobis
1295 4432 1530 4528 recederitis,
1553 4437 1771 4535 injunximus
1788 4438 2005 4530 vipereae,
2032 4435 2090 4514 sic

397 4543 436 4610 et
450 4557 544 4609 nnnc
560 4535 793 4636 inJ’nngimns,
819 4548 993 4635 rogantes
1010 4547 1175 4638 qnantum
1192 4561 1403 4638 possumus,
1430 4551 1469 4614 nt
1492 4562 1559 4641 per
1574 4541 1738 4641 prelatos
1755 4539 1936 4632 dominos,
1964 4537 2089 4619 cardi-

441 4797 476 4878 ι)
501 4793 942 4947 qqqarqqkppmmpnm
970 4801 1005 4866 n
1032 4799 1136 4894 aas»
1162 4768 1363 4892 numaga
1386 4799 1480 4868 Stadt
1506 4802 1559 4870 aa
1579 4803 1809 4872 rinnand
1834 4807 1873 4870 nr
1900 4813 1959 4897 ,a
1986 4799 2090 4868 „raa

440 4967 474 5050 t)
504 4965 592 5031 Anclr
614 4965 715 5032 dieses
736 4965 912 5034 Schneiben
934 4967 1039 5036 diirlie
1062 4969 1217 5036 awiscben
1239 4970 1290 5038 18.
1311 4969 1378 5036 Mei
1400 4971 1466 5036 und
1488 4972 1612 5038 1.Juni
1632 4971 1840 5064 geschrieben
1860 4995 1946 5065 sep.
