4524 5770
556 512 767 586 Urhuudern
833 508 1009 586 XXXII.
1040 511 1240 586 XXXIII.
1272 511 1456 586 XXXIV.
1808 511 1859 590 80
1882 535 1919 594 x

165 739 246 790 uum
270 709 713 808 Zaudumiriensem,
748 714 1021 792 Dubeslaum
1050 713 1099 792 de
1123 710 1346 809 Vislioia‚
1381 715 1625 793 Lassutam
1656 715 1705 796 de
1736 715 1858 796 San-

165 814 299 911 decu,
335 815 574 894 Smilouem
604 815 653 894 de
676 819 858 910 Brestu,
894 820 1112 896 Jauubum
1137 817 1186 896 de
1209 821 1390 914 Lubliu,
1430 821 1597 896 noxum
1629 818 1684 900 de
1708 823 1857 900 Malu·
1916 856 1934 906 ·,

163 943 281 1022 goze
306 919 547 1014 castellanos,
574 921 809 1000 Nicolaum
832 922 938 999 lilium
963 919 1117 1025 Mzuy,
1144 924 1414 1001 Mirozlaum
1432 922 1595 1024 judicem
1621 927 1736 1020 curie,
1763 929 1857 1006 Ze·

163 1035 309 1126 gutum
325 1026 530 1125 pincernam
548 1024 919 1120 Grauonieusem,
940 1023 1157 1104 Pulzham
1174 1025 1282 1104 lilium
1298 1027 1564 1120 Michaelis,
1590 1029 1858 1129 Buguialnm

162 1129 346 1222 minorem,
374 1128 691 1224 Laurencium,
717 1141 863 1207 utente
887 1132 1028 1208 instans
1052 1131 1215 1235 proxime
1239 1131 1371 1210 festum
1395 1129 1660 1235 ossumpcioois
1685 1135 1719 1210 b.
1738 1135 1857 1212 Mario
1874 1153 1915 1210 ιιι.
1934 1162 2003 1225 ung.

162 1231 314 1334 virginis
330 1233 435 1308 uobis
453 1243 492 1310 et
507 1233 672 1310 ecclesie
688 1245 813 1312 nostre
832 1245 903 1312 etc.

264 1577 476 1656 Venerabili
508 1579 544 1654 in
580 1577 729 1657 Christo
763 1577 855 1682 petri
890 1575 983 1654 dum.
1018 1576 1283 1678 N(iculao),
1319 1575 1495 1681 episcopo
1529 1577 1995 1674 Pusnenierrsi,xxxnr.

162 1679 367 1776 Thomas,
386 1679 422 1758 d.
442 1683 642 1782 gr.Wrat.
657 1707 715 1786 ep.
734 1695 805 1760 etc.
832 1681 917 1758 Nun
931 1683 1010 1758 sine
1028 1681 1164 1782 ingenti
1182 1679 1307 1757 dulure
1324 1691 1449 1758 vestre
1466 1681 1672 1784 paternitati
1689 1680 1855 1760 duxinms
1872 1683 1968 1808 ff,
1986 1762 1994 1809 ί

161 1783 403 1880 intimandum,
431 1783 524 1886 quud
544 1785 706 1862 dominus
730 1785 985 1862 Buleslaus
1010 1783 1086 1860 dux
1104 1783 1455 1877 Cracouienuis,
1483 1783 1545 1862 dei
1562 1786 1685 1864 timore
1702 1797 1854 1890 postpu·
1949 1773 2002 1808 ‘⁰'

161 1888 230 1966 situ
248 1899 287 1966 et
302 1889 419 1992 iniquo
438 1887 569 1966 ductus
589 1891 740 1967 consiliu
760 1915 837 1968 uum
855 1890 1045 1966 innumeris
1062 1881 1374 1980 Rutheuorum,
1399 1883 1692 1966 Cumanorum
1718 1902 1756 1967 et
1772 1891 1854 1966 Li-

161 2003 387 2069 tuanorum
411 1993 551 2068 milibus
570 1993 767 2074 Slesiam
789 1991 996 2072 invadendo
1021 1991 1199 2070 hostiliter
1214 1993 1323 2068 villas
1340 2003 1485 2068 nostras
1511 2003 1548 2069 et
1570 1995 1854 2072 [lubecensis

161 2097 325 2174 ecclesie
349 2097 566 2198 aliarumque
591 2097 829 2177 ecclesiarum
853 2107 975 2174 nostre
1000 2094 1175 2199 dyocesis
1201 2096 1370 2200 spoliavit
1394 2109 1432 2174 et
1453 2095 1621 2174 incendio
1647 2095 1856 2176 devastavit

161 2212 232 2278 etc.
286 2199 340 2276 Et
364 2201 527 2300 quoniam
552 2200 694 2302 quidam
717 2225 767 2280 ex
789 2199 956 2278 militibus
978 2211 1102 2278 vestre
1129 2198 1305 2301 dyocesis
1330 2225 1409 2278 cum
1435 2201 1577 2303 prelato
1595 2199 1691 2280 duce
1709 2215 1747 2279 et
1766 2201 1854 2278 Ru·

159 2303 405 2398 thenurum,
434 2301 723 2382 Cumanorum
753 2317 792 2382 et
814 2306 1104 2382 Lituanorum
1134 2306 1298 2382 exercito
1323 2305 1504 2399 affuerint,
1537 2306 1629 2408 ipsis
1655 2307 1853 2400 consilium,

159 2408 318 2486 savorem
344 2419 382 2485 et
410 2409 578 2484 auxilium
606 2406 845 2512 impendendo
868 2409 1046 2512 personis
1070 2408 1240 2512 propriis,
1276 2409 1334 2510 qui
1364 2409 1454 2486 lieet
1477 2409 1599 2511 plures
1626 2409 1757 2486 luerint
1785 2437 1852 2486 uu-

159 2535 268 2606 meru,
294 2511 364 2588 hos
381 2523 499 2588 tamen
517 2513 717 2590 nominatim
734 2515 839 2590 vobis
856 2514 891 2588 in
909 2514 1056 2616 scriptis
1074 2513 1314 2616 exprimimus,
1332 2512 1543 2589 Andreas
1555 2512 1688 2614 judex,
1710 2514 1852 2592 Wen-

158 2615 347 2692 ceslaus
371 2617 484 2692 irater
508 2620 591 2718 ejus
617 2615 839 2694 castellanus
865 2615 913 2695 de
938 2613 1236 2718 Starogrodi,
1270 2617 1494 2692 Martinus
1526 2615 1574 2694 de
1597 2616 1851 2712 Cebansiu,

158 2717 412 2797 Scedriuus
431 2719 479 2798 de
497 2717 674 2816 Crivin,
702 2719 914 2798 Semeuta
936 2719 985 2798 de
1002 2721 1067 2796 Du
1103 2721 1164 2814 in,
1190 2719 1409 2798 Jaracius
1434 2719 1482 2798 de
1501 2719 1627 2798 Srem
1647 2721 1852 2814 castellani,

158 2821 646 2926 Ceuhozlouspiucerna,
673 2825 897 2900 Martinus
915 2747 1217 2918 Pribizlauiz,
1246 2819 1394 2902 Ceule
1433 2851 1484 2900 us
1503 2821 1550 2900 de
1568 2824 1742 2920 Punez,
1768 2827 1852 2904 item

158 2925 388 3031 Ceuleyus
412 2927 506 3003 filius
531 2927 782 3022 Gabrielis,
810 2929 1037 3005 Nicolaus
1062 2929 1285 3006 castellanus
1312 2926 1361 3005 de
1388 2849 1612 3007 llarncuw
1638 2953 1716 3006 oum
1739 2931 1853 3006 fratre

155 3033 372 3108 Bucenta
425 3031 584 3131 (Quare)
617 3043 721 3136 pater
745 3031 947 3110 reverende
979 3029 1180 3109 devocione
1208 3029 1316 3106 vobis
1346 3043 1418 3108 eto.
1455 3043 1629 3132 quatenu·
1664 3031 1852 3134 predictos

157 3135 388 3212 communitus
405 3135 595 3228 habeatis,
622 3145 761 3212 utente
780 3133 875 3212 diem
893 3135 1156 3238 assumpciunis
1174 3135 1283 3211 beate
1300 3135 1420 3210 Maris
1439 3135 1588 3234 virginis
1605 3137 1709 3211 nubis
1728 3147 1765 3214 et
1783 3161 1851 3213 cc·
1869 3159 1910 3214 tu.
1929 3165 2000 3232 nug.

156 3239 272 3318 clesie
289 3251 412 3316 nostre
431 3251 502 3318 etc.
522 3239 751 3316 satisfaciant
768 3237 817 3316 de
835 3237 998 3344 dampnis
1017 3251 1054 3316 et
1069 3237 1208 3340 injuriis
1225 3239 1408 3339 irrogatio,
1433 3238 1589 3340 alioquin
1607 3249 1679 3316 eto.

258 3584 470 3662 Venerabili
486 3584 522 3658 iu
539 3581 686 3662 Christo
710 3582 803 3686 patri
820 3579 914 3658 dom.
937 3583 1123 3683 P(etro)
1138 3583 1163 3676 ¹)
1189 3583 1479 3680 Mauouieusi
1504 3583 1698 3686 episcopo,
1726 3583 1850 3662 Tho·
1866 3606 1990 3657 xxxrv.

151 3713 265 3782 mas,
292 3688 434 3764 Wrot.
460 3712 518 3790 ep.
542 3697 614 3764 etc.
667 3685 752 3764 Nou
777 3686 856 3763 siue
881 3684 1006 3764 dolore
1029 3687 1165 3787 ingenti
1183 3697 1256 3767 etc.
1274 3697 1440 3792 utsupra
1463 3689 1532 3787 (N.
1551 3685 1727 3788 XXXI),
1754 3686 1850 3790 quud
1865 3687 1987 3811 Qui

151 3790 350 3870 dumdux
375 3790 696 3871 Cracuuieetc.
749 3789 802 3869 Et
825 3791 988 3892 quoniam
1011 3789 1103 3868 dom.
1130 3789 1368 3870 Conradus
1395 3791 1472 3868 dux
1492 3793 1704 3870 Mozuuie
1729 3803 1767 3868 et
1793 3791 1849 3868 sui
1901 3795 1908 3812 ‘
1989 3797 1996 3811 '

149 3897 310 3974 barones
334 3921 413 3974 uum
435 3893 577 3998 prefato
602 3893 697 3972 duce
722 3893 952 3974 Cracuuie
984 3907 1022 3972 et
1045 3895 1361 3990 Rutheuorum,
1396 3896 1680 3975 (luurauurum
1704 3909 1742 3974 et
1765 3897 1848 3971 Li·
1911 3899 1924 3922 “

149 4001 410 4078 thuanorum
441 4009 513 4076 etc.
549 4009 721 4100 utsupra
756 3999 825 4096 (N.
851 3997 1008 4097 XXXI)
1043 4001 1234 4092 affuerunt,
1269 3999 1360 4100 ipsis
1385 4001 1589 4088 consilium,
1625 3999 1786 4075 favorem
1811 4011 1849 4076 et

149 4104 323 4180 auxilium
347 4105 382 4180 iu
432 4103 574 4180 ersuuis
597 4101 748 4205 propriis
771 4099 1030 4204 impendendo,
1065 4113 1171 4204 puter
1194 4101 1397 4180 reverende
1424 4113 1497 4180 etc.
1523 4112 1698 4202 quatenus
1746 4105 1847 4178 relo-

146 4221 226 4286 tum
243 4205 371 4286 ducem
389 4130 633 4286 (lucretium
661 4217 699 4284 et
715 4230 803 4282 suos
821 4206 977 4282 barones
1002 4217 1040 4281 et
1056 4205 1210 4280 maxime
1228 4203 1455 4282 Meneram
1480 4205 1692 4306 palatinum,
1768 4231 1847 4282 an-

148 4311 295 4390 cinam
320 4311 511 4414 palatinum
529 4309 577 4388 de
595 4309 818 4404 (lirasch,
841 4306 1110 4387 Michaelem
1138 4307 1417 4400 thesaurarium,
1445 4305 1541 4408 quud
1565 4305 1763 4387 antediem
1780 4335 1846 4388 as·
1865 4337 1906 4392 ru.
1925 4344 1995 4408 nug.

145 4415 371 4517 sumpciunis
390 4417 497 4492 beate
515 4414 634 4492 Mario
650 4413 799 4514 virgims
816 4414 918 4492 nohis
943 4425 982 4491 et
999 4411 1162 4490 ecclesie
1179 4423 1304 4489 nostre
1322 4435 1369 4491 ae
1396 4409 1479 4488 aliis
1497 4411 1671 4492 ecclesiis
1689 4426 1761 4494 etc.
1779 4439 1846 4492 sa-

143 4518 339 4598 tisfaciant
356 4517 404 4596 de
422 4517 585 4622 dampnis
603 4527 641 4596 et
657 4518 795 4620 injuriis
812 4518 942 4618 illatis,
970 4517 1124 4619 ahoquin
1143 4526 1216 4594 etc.

199 4795 235 4876 l)
262 4791 330 4858 Der
351 4791 418 4860 also
439 4789 528 4858 nicht
548 4788 648 4858 echon
671 4789 755 4860 loeo
781 4789 950 4880 gestorheu
971 4813 1048 4882 aeyn
1069 4790 1166 4872 hano,
1187 4789 1246 4858 wie
1268 4785 1407 4884 Dlugoss
1427 4789 1452 4856 1.
1473 4813 1507 4882 p.
1519 4789 1583 4860 769
1604 4791 1741 4884 engiebc
