4660 5762
714 507 928 584 eunom
985 503 1216 582 camo.
1249 505 1477 584 cnxxm.
1619 505 1625 513 ’
1870 511 1946 595 lta

249 710 410 790 monuo
436 733 505 788 aaa
530 707 601 790 sed
616 709 735 788 eoin·
751 709 787 786 in
804 707 1068 812 quampluribus
1092 707 1267 788 eeclesiis
1281 710 1587 812 menidam,
1611 709 1662 790 do
1685 711 1814 813 quibua
1835 737 1951 818 mess
2008 719 2012 724 '
2172 782 2177 791 .

248 816 385 920 bytom
412 827 558 892 nostras
575 813 786 892 saeuam
803 815 1062 905 observantes,
1089 835 1155 914 per
1176 814 1353 916 prolatum
1375 815 1572 917 prinoipem
1594 826 1679 892 sunt
1701 819 1831 916 ejecti,
1858 842 1946 920 pro·

248 919 467 1024 phanaeioni
483 917 679 994 divinornm
697 915 970 1018 dampnabiliter
984 916 1171 1037 insistunt,
1198 942 1268 994 nou
1292 917 1524 1040 mendcans
1542 918 1627 1018 quid
1653 921 1867 998 constitnuio
1884 920 1944 1003 dio

251 1035 315 1146 ι*
329 1017 1191 1224 tremam*
1215 1017 1325 1202 tr·
1353 1022 1843 1204 ...Ν-
1857 1049 1945 1206 ιιι

248 1128 431 1308 ἔξειπε
430 1216 695 1306 oomdtuoione
706 1147 941 1328 pmoipiurlrl.
956 1149 980 1224 p
977 1227 1014 1316 ¹).
1043 1147 1200 1316 holdam,
1215 1150 1370 1306 verhudx
1388 1229 1457 1323 eis,
1474 1230 1643 1306 saniores
1657 1229 1836 1307 babentes
1854 1255 1944 1310 con·

249 1332 434 1410 manau
457 1343 497 1410 et
518 1329 673 1408 mundas
696 1355 842 1422 manus,
883 1329 1073 1430 elegerunt
1102 1339 1279 1432 tamqnam
1308 1332 1375 1408 riri
1396 1355 1486 1410 vere
1518 1332 1753 1432 religiosius
1776 1335 1945 1414 timentes

251 1433 358 1514 deum
383 1435 534 1514 exulare
551 1434 680 1536 pocius
698 1459 802 1534 quam
818 1433 940 1510 taliter
955 1433 1201 1510 inanimamm
1218 1459 1361 1512 suarum
1383 1435 1580 1537 perieulum
1596 1436 1797 1544 celebrare.

351 1571 436 1648 Hoc
454 1571 570 1648 eciarn
587 1571 751 1646 nolumus
767 1595 837 1645 vos
853 1569 988 1661 latere,
1015 1567 1110 1670 quod
1134 1569 1366 1674 supradictus
1384 1569 1478 1647 dom.
1497 1573 1630 1664 abbas,
1656 1571 1811 1672 maligno
1832 1573 1943 1650 forsi-

249 1689 310 1752 tan
327 1674 451 1778 spiritu
470 1674 684 1768 uoudtatus,
703 1673 1139 1767 fratremllomiuicum‚
1157 1676 1376 1778 prepositum
1392 1673 1680 1768 Domus-dei,
1699 1675 1860 1753 similiter
1874 1701 1943 1754 ve·

114 1860 120 1872 ,
250 1779 316 1855 stri
333 1777 469 1854 ordinis
487 1789 610 1855 nostre
628 1776 822 1880 dyocesis,
850 1801 928 1853 curu
947 1775 1087 1852 duobus
1105 1777 1291 1872 fratribus,
1319 1803 1410 1880 quos
1435 1803 1560 1856 secum
1577 1775 1783 1856 adduxerat
1799 1789 1946 1882 propter

248 1883 375 1959 bonum
399 1879 630 1973 obediencie,
657 1905 722 1984 pro
748 1903 793 1956 eo
819 1877 1009 1972 videlicet,
1037 1879 1133 1980 quod
1155 1878 1250 1959 idem
1299 1882 1481 1984 repositus
1505 1907 1584 1958 curn
1609 1881 1784 2006 predictis
1803 1882 1943 1960 duobus

248 1985 417 2062 iratribus
439 1985 474 2060 in
501 1983 666 2062 eeclesia
692 1995 818 2058 nostra
840 1979 1047 2060 kathedrali
1072 1995 1109 2060 ct
1131 1907 1343 2084 quibusdhm
1360 1985 1443 2062 aliis
1468 1986 1643 2063 ecclesus
1661 1997 1784 2063 nostre
1801 1987 1941 2064 Wrat.

249 2089 407 2166 civitatis
431 2085 634 2164 mandatum
658 2083 838 2188 sepedicti
863 2082 956 2161 dom.
981 2085 1267 2189 archiepiscopi,
1295 2099 1461 2188 quantum
1484 2087 1538 2164 ud·
1552 2089 1860 2166 confirmacionem
1884 2089 1942 2167 di·

248 2203 383 2270 ctarum
399 2191 661 2278 seuterrciarum
679 2201 877 2265 nostrarum
894 2213 1010 2290 ymmo
1028 2191 1349 2292 apostolicarum²)
1368 2191 1501 2292 exequi
1519 2203 1695 2292 tauquam
1717 2219 1828 2294 purus
1852 2195 1942 2272 obe·

247 2293 397 2372 diencie·
416 2295 511 2370 lilius
537 2319 651 2369 ausus
668 2293 746 2385 snit,
781 2293 875 2368 iutra
892 2304 999 2394 septa
1015 2293 1221 2370 monasterii
1239 2295 1296 2370 sui
1312 2319 1379 2396 per
1394 2295 1555 2372 homiues
1572 2298 1754 2372 memorati
1772 2297 1943 2399 principis

248 2398 332 2499 capi
348 2397 497 2500 turpiter
512 2395 736 2498 procuravit,
763 2396 858 2473 sicut
882 2397 937 2471 vir
961 2395 1162 2488 discretus,
1190 2396 1283 2474 dom.
1301 2397 1538 2476 Juhunues
1563 2399 1857 2502 archipresbyter
1876 2425 1943 2480 rro-

246 2511 324 2577 ster
340 2501 433 2575 lator
449 2499 695 2602 presencium,
722 2498 780 2598 qui
806 2509 844 2575 et
866 2499 948 2601 ipse
973 2495 1022 2575 de
1048 2499 1214 2576 eeclesia
1238 2525 1308 2576 sua
1333 2511 1372 2577 et
1387 2499 1436 2578 de
1454 2498 1586 2580 ducatu
1605 2501 1764 2580 Sleuie
1782 2503 1943 2582 iaciente

248 2599 347 2680 dicto
373 2605 506 2679 abbate
528 2627 596 2706 per
619 2603 814 2704 principem
840 2613 899 2678 est
923 2602 1119 2779 expulsus,
1153 2603 1225 2680 bec
1248 2605 1366 2679 omnia
1386 2605 1492 2680 vobis
1516 2617 1554 2681 et
1571 2605 1646 2680 alia
1670 2606 1877 2708 quamplura
1894 2606 1943 2685 de

248 2717 345 2783 statu
364 2717 402 2784 et
420 2705 706 2784 conversacione
724 2705 867 2780 abbatis
885 2709 967 2804 ejus
995 2729 1050 2781 ern
1074 2705 1215 2808 plenius
1234 2717 1395 2808 exponet
1411 2707 1558 2784 oraculo
1583 2709 1667 2785 vive
1683 2711 1808 2802 vocis,
1837 2713 1942 2810 cujus

246 2811 369 2887 verbis
393 2821 569 2910 tamquam
595 2833 644 2886 ex
668 2833 733 2884 ore
757 2819 881 2884 nostro
903 2808 1055 2910 prolatis
1078 2804 1185 2885 fidem
1211 2807 1403 2908 dignemini
1427 2809 1544 2886 modis
1569 2813 1729 2888 omnibus
1757 2811 1942 2890 adhibere.

211 2959 216 2966 ·
246 2913 431 3013 Rogamus
453 2913 576 3014 itaque
599 2912 843 2990 sinceritatem
865 2923 1025 2988 vestram
1049 2924 1088 2988 et
1111 2911 1317 3012 requirimus
1342 2937 1407 3014 pro
1431 2915 1584 3006 affeetu,
1618 2925 1794 3014 quatenus
1819 2914 1880 2992 dei
1906 2928 1944 2993 et

247 3017 412 3094 ecclesie
435 3016 558 3091 intiritu
582 3017 618 3092 in
631 3009 724 3118 'ipso
749 3015 881 3092 abbate
903 3015 1003 3091 velut
1024 3017 1060 3091 iu
1079 3027 1228 3091 auctore
1252 3015 1436 3092 scismatis
1461 3027 1563 3093 certe
1588 3018 1787 3118 punioiorris
1798 3015 1944 3117 judicia
2006 3035 2009 3042 '

248 3145 313 3222 pro
331 3119 462 3195 talibus
481 3119 701 3196 excessibus
720 3119 779 3217 qui
794 3129 949 3216 vergunt
964 3120 1000 3194 in
1018 3115 1254 3220 prejudicium
1272 3127 1310 3195 et
1327 3143 1521 3218 gravamen
1539 3143 1655 3220 ymmo
1679 3121 1713 3194 in
1734 3143 1782 3221 pe
1825 3133 1943 3198 ebrum

247 3221 427 3300 excidium
452 3233 575 3299 nostre
599 3221 741 3297 Wrat.
769 3221 932 3298 ecclesie
956 3221 1185 3322 relinquatis,
1217 3221 1252 3298 in
1279 3223 1434 3322 negocio
1458 3219 1683 3322 hujusmodi,
1719 3246 1788 3322 quo
1840 3223 1942 3298 uinis

248 3325 487 3430 perniciosum
507 3337 565 3402 est
583 3323 769 3428 exemplo,
796 3335 957 3401 vestram
975 3323 1250 3424 sollicitudinem
1267 3335 1372 3427 prout
1396 3323 1490 3402 deus
1507 3325 1612 3402 vobis
1629 3325 1857 3427 inspiraverit
1874 3349 1896 3401 o
1923 3367 1942 3386 ·

246 3441 436 3532 ponentes,
455 3425 551 3529 quod
567 3451 664 3530 penu
679 3429 795 3529 ipsius
814 3437 852 3504 et
869 3428 939 3504 sibi
956 3426 1211 3506 adhereueium
1227 3429 1320 3504 viam
1337 3427 1530 3531 praeludat
1546 3429 1680 3506 ueteris
1700 3351 1942 3530 delinquendi,
2034 3463 2037 3469 ·

245 3542 378 3608 tantum
408 3530 505 3609 idem
531 3531 729 3624 facientes,
766 3529 862 3632 quod
887 3555 973 3626 uon,
1008 3532 1068 3633 qui
1098 3555 1243 3635 semper
1265 3529 1425 3610 ordinem
1449 3545 1608 3609 vestrum
1639 3531 1831 3610 dileximus
1845 3551 1944 3634 'puro

247 3634 371 3730 corde,
399 3635 580 3737 amplioris
598 3633 735 3710 favoris
754 3635 882 3734 gracia
897 3635 1012 3737 ipsum
1030 3633 1188 3714 ordinem
1205 3637 1375 3740 prosequi
1392 3636 1604 3740 specialiter
1619 3645 1814 3714 teneamur.
1855 3637 1941 3713 Dat.

244 3737 485 3832 llathibor‚
512 3735 582 3813 IX.
601 3733 751 3814 kalend.
769 3737 941 3838 Augusti.
962 3845 965 3852 ι

346 4159 577 4260 Karissim0
604 4191 641 4260 et
664 4191 841 4282 tamquam
864 4181 957 4282 patri
980 4178 1183 4257 reverendo
1206 4179 1307 4256 fratri
1329 4179 1393 4274 Β.,
1419 4179 1578 4256 ministro
1597 4179 1803 4258 Saxorrie
1829 4181 1942 4262 frater
1959 4213 2103 4268 cumn

244 4283 498 4382 Charinus,
525 4312 592 4390 per
607 4285 832 4363 Boerniam
852 4293 889 4362 et
905 4281 1134 4360 Poloniam
1159 4281 1326 4383 ejusdem
1343 4281 1454 4360 officii
1473 4295 1660 4378 executor,
1688 4293 1863 4362 consuete
1881 4284 1940 4362 sa·
1976 4289 2095 4420 mu

243 4482 547 4498 tm

5 4647 7 4682 ι
286 4601 320 4684 Ῑ)
348 4598 426 4664 Ηῖθῑ·
446 4595 559 4690 sOIgen
580 4599 632 4664 die
655 4599 771 4666 Worte
799 4601 858 4664 der
878 4597 1025 4664 Statuten
1051 4595 1083 4662 S.
1105 4595 1157 4678 86,
1186 4595 1224 4664 Ζ.
1247 4597 1289 4662 15
1309 4619 1337 4663 v.
1359 4619 1391 4663 u.
1413 4597 1607 4688 precipimus
1629 4595 1714 4683 quod
1738 4619 1862 4680 omues,
1892 4598 1941 4664 bis

5 4723 7 4790 q
348 4683 385 4750 Z.
408 4683 426 4750 l
455 4707 482 4749 v.
504 4707 550 4749 ιιι
584 4683 766 4766 subjaceant
792 4682 977 4762 interdieto;
1003 4705 1066 4746 nur·
1092 4681 1163 4746 sind
1190 4681 1242 4747 die
1269 4680 1324 4747 des
1344 4681 1657 4774 Znsammenhauges
1683 4705 1794 4773 wegen
1821 4693 1942 4749 unent.

5 4825 7 4858 ‚
346 4759 533 4842 behrlichen
561 4767 679 4834 Warte
710 4765 861 4848 darelbst‚
882 4767 918 4834 Z.
941 4767 980 4832 ll
1009 4789 1037 4832 v.
1065 4790 1111 4832 u.:
1137 4763 1187 4832 vel
1208 4763 1289 4845 alio,
1320 4765 1370 4831 bis
1396 4765 1433 4832 Z.
1456 4765 1498 4832 10
1523 4789 1552 4834 v.
1572 4789 1620 4832 ua
1649 4763 1818 4842 observent
1838 4767 1939 4835 durch

5 4861 7 4928 t
138 4878 141 4888 ι
349 4853 404 4918 ein
431 4851 612 4920 offenhares
633 4852 794 4920 Verselreu
822 4853 878 4918 des
905 4849 1091 4919 Sehreihcro
1110 4848 1309 4943 auagelaroeu
1329 4852 1471 4918 worden.

5 4929 7 5000 t
289 4958 323 5037 a)
352 4950 1726 5029 sursumsuntrasau.cnxv1unuv0masnnrn.cuxrux.
