4524 5770
1000 540 1214 613 Urlandarn
1278 539 1448 612 xxm·

1142 842 1315 930 XXIII.

260 1048 337 1120 lata,
376 1039 527 1100 lolaalanr
556 1037 605 1110 ll..
633 1036 742 1112 terror
769 1049 824 1098 ror
851 1034 1002 1096 temtator
1030 1034 1201 1110 altaalta),
1232 1033 1399 1110 rrrrprlcbt
1426 1035 1482 1094 dan
1513 1033 1641 1096 Itbntm
1668 1033 1767 1094 rainer
1795 1034 1928 1096 lnthetlr
1957 1050 1994 1097 aa
2020 1037 2072 1100 der

226 1120 269 1176 ¹⁰·
287 1125 360 1188 ΒΨ·
377 1140 553 1214 (temeror
567 1141 644 1200 altar
658 1138 776 1200 lateus
792 1139 824 1198 ln
845 1138 957 1198 tetram
971 1137 1065 1198 tando
1080 1139 1145 1198 ten
1160 1135 1294 1198 turbore
1310 1150 1365 1198 ron
1386 1135 1515 1208 endan,
1537 1137 1596 1196 ud
1618 1137 1671 1196 nat
1693 1137 1804 1198 dorem
1817 1137 1936 1198 berotto
1959 1139 2072 1200 tlark

1072 1239 1183 1299 tllbora
1205 1239 1381 1300 bbrrralcbt

428 1428 486 1476 Aac
505 1427 563 1476 dem
581 1425 713 1492 originale
731 1427 765 1476 lm
783 1425 900 1476 Archino
919 1425 966 1474 des
983 1423 1172 1489 Domcapltela‚
1192 1421 1223 1476 Ι.
1240 1417 1267 1476 8.
1301 1425 1356 1476 Iler
1374 1425 1538 1476 Anratellora
1555 1425 1655 1492 Slcgcl,
1682 1439 1735 1476 von
1753 1427 1877 1476 walonem
1894 1425 2020 1489 Wacbae,

969 1511 1051 1577 btngt
1068 1523 1100 1560 an
1118 1511 1218 1576 rothen,
1234 1511 1362 1562 ¹raldenan
1380 1509 1481 1561 Fiden.

477 1682 519 1758 In
537 1682 676 1758 nomine
694 1679 824 1756 domini
840 1704 955 1758 amen.
1007 1680 1093 1756 Nos
1110 1680 1378 1775 Bolenlaus,
1405 1678 1443 1756 d.
1461 1703 1516 1780 gr.
1534 1676 1612 1755 dcx
1628 1679 1814 1774 Zlesie,
1839 1689 1960 1758 notem
1983 1705 2073 1760 esse

375 1787 539 1862 volomus
565 1785 764 1878 universis,
804 1783 900 1883 qnod
924 1784 1132 1861 recolentes
1157 1784 1336 1861 beneficia
1365 1781 1486 1860 divine
1511 1783 1639 1884 grecie
1663 1785 1764 1860 circa
1786 1809 1871 1878 nos,
1904 1783 2073 1884 vestigiis

376 1891 493 1970 eciam
516 1889 714 1964 nostrorum
738 1887 1001 1988 progenitorum
1031 1887 1260 1980 inherentes,
1295 1888 1423 1988 quibos
1446 1912 1583 1964 summa
1604 1887 1672 1962 snit
1695 1913 1783 1966 cora
1806 1899 1844 1966 et
1867 1885 2073 1966 sollicitudo

376 1995 575 2072 ecclesiam
593 1989 1008 2067 Vratizlauiensem
1035 2001 1072 2068 et
1096 1989 1305 2093 episcopum
1329 1990 1450 2067 eidem'
1472 1990 1637 2068 ecclesie
1653 1991 1852 2092 prefectum
1869 1991 2074 2094 multiplici·

376 2111 432 2175 ter
448 2098 644 2183 honorare,
671 2095 767 2171 hanc
782 2091 1069 2170 vicissitudinem
1087 2091 1208 2171 divine
1226 2094 1353 2194 gracie
1369 2093 1609 2196 rependimus,
1637 2093 1732 2194 qood
1750 2093 1799 2172 de
1817 2095 1978 2172 omnibus
1994 2119 2074 2172 me·

376 2201 494 2294 tellis,
527 2197 701 2276 videlicet
725 2222 831 2290 acro,
865 2209 1035 2297 argento,
1071 2221 1199 2299 cupro,
1231 2198 1373 2300 plumbo
1398 2197 1458 2274 vel
1482 2199 1516 2274 ai
1540 2196 1625 2300 qnid
1649 2195 1748 2274 aliud
1771 2199 1807 2274 in
1831 2209 1929 2276 terra
1949 2212 2075 2276 nostra

375 2304 555 2381 inventum
572 2301 678 2378 luerit
702 2299 823 2377 divino
841 2303 944 2376 nobis
966 2301 1038 2378 hoo
1054 2302 1169 2402 ipsorn
1188 2326 1332 2379 munere
1349 2301 1546 2401 largiente,
1565 2303 1778 2405 participem
1794 2301 1947 2379 lecimus
1964 2302 2073 2404 hujus

377 2405 497 2484 divine
521 2405 748 2483 liberalitatis
778 2403 870 2480 donn.
895 2404 1100 2481 Theman
1126 2406 1248 2480 Vrat.
1279 2406 1405 2508 episco
1431 2431 1487 2480 om
1511 2415 1549 2482 et
1573 2405 1777 2508 peripsum
1802 2429 1891 2482 snos
1916 2431 2073 2484 socces-

376 2534 483 2588 sores
514 2523 552 2586 et
576 2509 701 2584 Vrat.
733 2508 932 2586 ecclesiam
960 2509 996 2584 in
1025 2520 1252 2610 perpetuum,
1296 2520 1334 2584 nt
1365 2432 1539 2587 videlieet
1570 2507 1619 2586 de
1642 2509 1803 2585 omnibns
1826 2506 2001 2612 predictis
2024 2507 2075 2587 de

377 2623 502 2690 nostra
518 2613 710 2714 porcione,
737 2637 807 2712 que
831 2637 899 2688 nos
917 2635 967 2688 ex
990 2613 1123 2688 talibus
1142 2612 1330 2714 contigerit
1346 2613 1389 2706 ¹),
1417 2610 1594 2689 decimam
1617 2612 1758 2712 integre
1783 2615 1983 2715 percipiant
2006 2639 2073 2690 se-

378 2715 529 2796 condom
547 2727 709 2818 tempora
725 2716 852 2816 quibos
869 2717 972 2792 nobis
990 2715 1110 2792 taliam
1139 2717 1251 2814 (sict)
1275 2716 1537 2818 persolventur.
1590 2713 1654 2790 Ad
1678 2721 1785 2817 cnjns
1801 2717 1855 2794 rei
1871 2719 2074 2795 memoriam

377 2831 416 2900 et
438 2821 731 2922 complementum
755 2830 793 2895 et
808 2819 1059 2921 possessionis
1083 2819 1192 2920 hujus
1214 2817 1464 2897 indnccionem
1487 2819 1594 2895 lilinrn
1618 2831 1774 2896 nostrum
1800 2819 2076 2898 Bernardnm

377 2933 416 3002 et
438 2925 611 3000 notarium
635 2934 811 3018 nostrum,
852 2923 1058 3023 magistrum
1082 2921 1360 3001 Ludenicnm
1391 2933 1429 3000 et
1452 2921 1628 3022 quosdam
1651 2923 1744 2999 alios
1774 2924 1905 3000 milites
1929 2935 2074 3001 nostros
2119 2963 2131 2972 -

343 3083 350 3134 p
377 3025 569 3107 condicto
586 3027 659 3104 lilio
675 3037 797 3102 nostro
813 3027 1047 3104 transmissos
1059 3026 1436 3104 inVratinlaniam
1451 3027 1487 3103 in
1506 3023 1566 3102 die
1584 3027 1780 3103 nativitatis
1797 3029 1915 3106 sancti
1930 3027 2073 3105 Johsn-

263 3119 270 3135 ’
351 3117 360 3137 ’
375 3130 432 3208 nis
450 3131 608 3233 baptiste
626 3131 662 3206 in
680 3129 791 3207 choro
809 3131 933 3206 Vrat.
957 3126 1133 3208 decimam
1158 3155 1298 3225 eornm,
1325 3155 1395 3231 qne
1417 3141 1502 3208 tnnc
1519 3155 1584 3231 pro
1601 3130 1705 3208 nobis
1723 3141 1826 3207 erant
1843 3130 1987 3224 elcese,
2013 3132 2073 3207 vi-

377 3232 513 3313 delicet
536 3235 687 3336 qninque
704 3259 848 3312 mareas
871 3235 1012 3358 argenti
1034 3235 1130 3337 pori,
1156 3234 1244 3311 lieet
1268 3232 1422 3335 quedem
1446 3245 1530 3310 ante
1556 3231 1767 3310 dederimus
1790 3244 1829 3311 et
1849 3233 2073 3337 postmodnm

376 3338 471 3431 elia,
496 3339 534 3414 in
551 3363 675 3414 manns
694 3335 782 3416 dicti
800 3335 931 3413 domim
947 3338 1112 3442 episcopi
1129 3338 1261 3414 stantis
1277 3337 1314 3414 in
1331 3337 1441 3414 stallo
1458 3361 1526 3413 sno
1544 3336 1697 3414 lecimus
1720 3339 1941 3440 presentari,
1969 3363 2072 3440 qoam

376 3451 535 3518 nostram
551 3440 802 3518 liberalitatem
819 3441 854 3516 in
871 3441 1023 3516 suturam
1046 3465 1112 3544 pro
1130 3443 1290 3518 omnibus
1314 3439 1594 3519 successoribus
1617 3441 1751 3517 nostris
1769 3453 1881 3518 ratam
1899 3465 1987 3520 esse
2003 3467 2071 3518 vo·

375 3544 492 3620 Inmns
517 3553 556 3620 et
577 3543 722 3644 penitus
745 3545 1009 3621 inconcussam.
1062 3545 1197 3622 Aetrnn
1226 3555 1286 3620 est
1313 3544 1385 3622 hoc
1412 3544 1449 3619 in
1472 3545 1668 3646 presencia
1692 3542 1822 3620 dornini
1847 3547 1911 3622 Ilo
1919 3545 2074 3647 gualoi

376 3671 441 3750 pre
468 3647 570 3738 ositi,
596 3645 787 3722 Nicolai
813 3644 963 3740 decani,
991 3644 1169 3724 Sdinlai
1187 3645 1370 3739 custodia,
1398 3645 1595 3726 Conradi
1618 3649 1798 3741 cantoris,
1825 3649 1993 3727 'I'bome
2010 3673 2073 3724 ar-

377 3673 582 3829 chidiaconi
599 3747 884 3851 Opoliensis,
911 3749 1056 3826 lllilcii
1079 3749 1325 3830 archidiaconi
1341 3751 1652 3852 LegnIcensis
1677 3761 1716 3827 et
1736 3761 1934 3830 ceterorum
1959 3777 2075 3830 cano·

375 3855 533 3932 nieorum
556 3853 684 3928 Vrat.
717 3861 755 3930 et
783 3853 930 3928 aliorum
953 3853 1114 3956 plurium.
1172 3855 1305 3930 Datnrn
1335 3879 1428 3930 anno
1453 3851 1583 3930 domini
1606 3851 1795 3934 Mccnx
1826 3855 1963 3956 quinto,
1996 3853 2076 3932 IIII

375 3955 458 4035 idus
477 3955 720 4061 Septembris,
747 3979 814 4060 per
830 3981 968 4033 manum
986 3954 1185 4060 supradicti
1201 3957 1363 4058 magistri
1379 3955 1608 4036 Ludecici
1632 3958 1760 4035 notarii
1777 3959 1901 4036 nostri.

420 4297 453 4381 1)
481 4247 556 4361 Also
582 4295 671 4364 nicht
697 4295 760 4363 den
788 4297 934 4365 Zehnten
960 4297 1142 4392 ilberhaupt
1168 4321 1242 4366 vom
1271 4309 1465 4392 gesammren
1490 4299 1585 4365 Eros
1608 4323 1641 4382 e,
1673 4300 1812 4368 sondern
1847 4301 1908 4367 den
1936 4299 2080 4366 nebeten

482 4377 578 4444 'I'heil
600 4381 728 4462 dessen,
748 4405 812 4450 was
835 4383 893 4450 der
913 4383 1114 4451 landesberc
1133 4405 1197 4451 ron
1219 4383 1282 4450 den
1304 4379 1538 4476 Metallgruben
1559 4407 1595 4450 er
1620 4381 1684 4451 'ela

1019 4770 1423 4788 *m
