<?xml version="1.0" encoding="UTF-8"?>
<!DOCTYPE html PUBLIC "-//W3C//DTD XHTML 1.0 Transitional//EN"
    "http://www.w3.org/TR/xhtml1/DTD/xhtml1-transitional.dtd">
<html xmlns="http://www.w3.org/1999/xhtml" xml:lang="en" lang="en">
 <head>
  <title>
</title>
<meta http-equiv="Content-Type" content="text/html;charset=utf-8" />
  <meta name='ocr-system' content='tesseract 3.04.00' />
  <meta name='ocr-capabilities' content='ocr_page ocr_carea ocr_par ocr_line ocrx_word'/>
</head>
<body>
  <div class='ocr_page' id='page_1' title='image "./urkundenzurgesc00stengoog_0128.png"; bbox 0 0 4524 5770; ppageno 0'>
   <div class='ocr_carea' id='block_1_1' title="bbox 840 547 1868 624">
    <p class='ocr_par' dir='ltr' id='par_1_1' title="bbox 840 547 1868 624">
     <span class='ocr_line' id='line_1_1' title="bbox 840 547 1868 624; baseline 0.004 -6"><span class='ocrx_word' id='word_1_1' title='bbox 840 547 1050 619; x_wconf 70' lang='lat' dir='ltr'>Urtuadm</span> <span class='ocrx_word' id='word_1_2' title='bbox 1083 547 1234 618; x_wconf 70' lang='grc' dir='ltr'>ΗΠ·</span> <span class='ocrx_word' id='word_1_3' title='bbox 1820 549 1868 624; x_wconf 80' lang='grc'>17</span> 
     </span>
    </p>
   </div>
   <div class='ocr_carea' id='block_1_2' title="bbox 176 745 2112 4589">
    <p class='ocr_par' dir='ltr' id='par_1_2' title="bbox 176 745 2112 1578">
     <span class='ocr_line' id='line_1_2' title="bbox 177 745 1869 856; baseline 0.004 -32"><span class='ocrx_word' id='word_1_4' title='bbox 177 766 297 824; x_wconf 83' lang='lat' dir='ltr'>sorum</span> <span class='ocrx_word' id='word_1_5' title='bbox 321 745 487 824; x_wconf 80' lang='lat' dir='ltr'>videatur</span> <span class='ocrx_word' id='word_1_6' title='bbox 511 745 653 849; x_wconf 64' lang='lat' dir='ltr'>dgnus,</span> <span class='ocrx_word' id='word_1_7' title='bbox 681 745 730 825; x_wconf 89' lang='lat' dir='ltr'>de</span> <span class='ocrx_word' id='word_1_8' title='bbox 747 749 818 826; x_wconf 88' lang='lat' dir='ltr'>boe</span> <span class='ocrx_word' id='word_1_9' title='bbox 836 772 957 827; x_wconf 78' lang='lat' dir='ltr'>coram</span> <span class='ocrx_word' id='word_1_10' title='bbox 976 751 1149 851; x_wconf 82' lang='lat' dir='ltr'>episeopo</span> <span class='ocrx_word' id='word_1_11' title='bbox 1173 747 1360 850; x_wconf 79' lang='lat' dir='ltr'>injurltcio</span> <span class='ocrx_word' id='word_1_12' title='bbox 1378 753 1556 855; x_wconf 83' lang='lat' dir='ltr'>cumipse</span> <span class='ocrx_word' id='word_1_13' title='bbox 1573 752 1818 856; x_wconf 60' lang='lat' dir='ltr'>expiemur,</span> <span class='ocrx_word' id='word_1_14' title='bbox 1844 779 1869 830; x_wconf 91' lang='lat' dir='ltr'>a</span> 
     </span>
     <span class='ocr_line' id='line_1_3' title="bbox 177 851 1867 963; baseline 0.005 -35"><span class='ocrx_word' id='word_1_15' title='bbox 177 875 259 956; x_wconf 85' lang='lat' dir='ltr'>quo,</span> <span class='ocrx_word' id='word_1_16' title='bbox 286 851 321 928; x_wconf 87' lang='lat' dir='ltr'>si</span> <span class='ocrx_word' id='word_1_17' title='bbox 339 853 524 952; x_wconf 84' lang='lat' dir='ltr'>justiciam</span> <span class='ocrx_word' id='word_1_18' title='bbox 548 877 618 930; x_wconf 91' lang='lat' dir='ltr'>non</span> <span class='ocrx_word' id='word_1_19' title='bbox 641 853 812 930; x_wconf 73' lang='lat' dir='ltr'>ltredmus</span> <span class='ocrx_word' id='word_1_20' title='bbox 837 856 1038 948; x_wconf 87' lang='lat' dir='ltr'>consecuti,</span> <span class='ocrx_word' id='word_1_21' title='bbox 1065 856 1181 956; x_wconf 83' lang='lat' dir='ltr'>ipsam</span> <span class='ocrx_word' id='word_1_22' title='bbox 1197 855 1233 930; x_wconf 93' lang='lat' dir='ltr'>in</span> <span class='ocrx_word' id='word_1_23' title='bbox 1248 854 1331 930; x_wconf 86' lang='lat' dir='ltr'>loro</span> <span class='ocrx_word' id='word_1_24' title='bbox 1347 855 1607 934; x_wconf 79' lang='lat' dir='ltr'>ecclesiastico</span> <span class='ocrx_word' id='word_1_25' title='bbox 1625 858 1720 934; x_wconf 76' lang='lat' dir='ltr'>alias</span> <span class='ocrx_word' id='word_1_26' title='bbox 1736 881 1867 963; x_wconf 72' lang='lat' dir='ltr'>prosee</span> 
     </span>
     <span class='ocr_line' id='line_1_4' title="bbox 202 980 334 1034; baseline -0.015 -2"><span class='ocrx_word' id='word_1_27' title='bbox 202 980 334 1034; x_wconf 80' lang='lat' dir='ltr'>nomm.</span> 
     </span>
     <span class='ocr_line' id='line_1_5' title="bbox 178 983 2112 1166; baseline 0.004 -33"><span class='ocrx_word' id='word_1_28' title='bbox 178 983 201 1058; x_wconf 70' lang='lat' dir='ltr'><strong>q</strong></span> <span class='ocrx_word' id='word_1_29' title='bbox 280 1058 387 1152; x_wconf 89' lang='lat' dir='ltr'>ltem,</span> <span class='ocrx_word' id='word_1_30' title='bbox 415 1084 483 1134; x_wconf 90' lang='lat' dir='ltr'>non</span> <span class='ocrx_word' id='word_1_31' title='bbox 508 1059 683 1138; x_wconf 81' lang='lat' dir='ltr'>faciemus</span> <span class='ocrx_word' id='word_1_32' title='bbox 702 1061 751 1137; x_wconf 89' lang='lat' dir='ltr'>ali</span> <span class='ocrx_word' id='word_1_33' title='bbox 873 1061 1098 1161; x_wconf 86' lang='lat' dir='ltr'>ejeccionem</span> <span class='ocrx_word' id='word_1_34' title='bbox 1115 1062 1175 1138; x_wconf 77' lang='lat' dir='ltr'>v&#39;el</span> <span class='ocrx_word' id='word_1_35' title='bbox 1196 1060 1444 1138; x_wconf 87' lang='lat' dir='ltr'>indnccionem</span> <span class='ocrx_word' id='word_1_36' title='bbox 1462 1063 1707 1163; x_wconf 82' lang='lat' dir='ltr'>religiosorum</span> <span class='ocrx_word' id='word_1_37' title='bbox 1726 1066 1868 1143; x_wconf 75' lang='lat' dir='ltr'>uolm-</span> <span class='ocrx_word' id='word_1_38' title='bbox 1901 1098 1930 1166; x_wconf 70' lang='lat' dir='ltr'>(p</span> <span class='ocrx_word' id='word_1_39' title='bbox 1947 1095 1987 1161; x_wconf 68' lang='grc' dir='ltr'>ς.)</span> <span class='ocrx_word' id='word_1_40' title='bbox 2108 1049 2112 1056; x_wconf 63' lang='grc'><strong>’</strong></span> 
     </span>
     <span class='ocr_line' id='line_1_6' title="bbox 177 1084 1867 1266; baseline 0.004 -26"><span class='ocrx_word' id='word_1_41' title='bbox 177 1175 249 1254; x_wconf 85' lang='lat' dir='ltr'>ter,</span> <span class='ocrx_word' id='word_1_42' title='bbox 278 1161 349 1239; x_wconf 91' lang='lat' dir='ltr'>sed</span> <span class='ocrx_word' id='word_1_43' title='bbox 372 1163 405 1240; x_wconf 90' lang='lat' dir='ltr'>si</span> <span class='ocrx_word' id='word_1_44' title='bbox 431 1162 516 1262; x_wconf 83' lang='lat' dir='ltr'>quid</span> <span class='ocrx_word' id='word_1_45' title='bbox 533 1165 570 1240; x_wconf 89' lang='lat' dir='ltr'>in</span> <span class='ocrx_word' id='word_1_46' title='bbox 584 1084 953 1265; x_wconf 52' lang='lat' dir='ltr'>hujusmodlffeione</span> <span class='ocrx_word' id='word_1_47' title='bbox 964 1165 1059 1265; x_wconf 88' lang='lat' dir='ltr'>juris</span> <span class='ocrx_word' id='word_1_48' title='bbox 1077 1177 1286 1266; x_wconf 77' lang='lat' dir='ltr'>patronatus</span> <span class='ocrx_word' id='word_1_49' title='bbox 1304 1167 1407 1242; x_wconf 89' lang='lat' dir='ltr'>nobis</span> <span class='ocrx_word' id='word_1_50' title='bbox 1426 1166 1531 1244; x_wconf 74' lang='lat' dir='ltr'>tuest</span> <span class='ocrx_word' id='word_1_51' title='bbox 1549 1167 1770 1262; x_wconf 78' lang='lat' dir='ltr'>faciendum,</span> <span class='ocrx_word' id='word_1_52' title='bbox 1795 1169 1867 1248; x_wconf 87' lang='lat' dir='ltr'>hoc</span> 
     </span>
     <span class='ocr_line' id='line_1_7' title="bbox 176 1267 1867 1350; baseline 0.005 -8"><span class='ocrx_word' id='word_1_53' title='bbox 176 1267 354 1344; x_wconf 76' lang='lat' dir='ltr'>sociemus</span> <span class='ocrx_word' id='word_1_54' title='bbox 371 1267 452 1344; x_wconf 80' lang='lat' dir='ltr'>sine</span> <span class='ocrx_word' id='word_1_55' title='bbox 468 1268 672 1346; x_wconf 70' lang='lat' dir='ltr'><strong>violacione</strong></span> <span class='ocrx_word' id='word_1_56' title='bbox 689 1269 904 1344; x_wconf 83' lang='lat' dir='ltr'>inmunitatis</span> <span class='ocrx_word' id='word_1_57' title='bbox 921 1269 1181 1347; x_wconf 79' lang='lat' dir='ltr'>ecclesiastice</span> <span class='ocrx_word' id='word_1_58' title='bbox 1199 1281 1237 1346; x_wconf 87' lang='lat' dir='ltr'>et</span> <span class='ocrx_word' id='word_1_59' title='bbox 1254 1271 1334 1346; x_wconf 90' lang='lat' dir='ltr'>sine</span> <span class='ocrx_word' id='word_1_60' title='bbox 1357 1268 1524 1347; x_wconf 74' lang='lat' dir='ltr'>incendio</span> <span class='ocrx_word' id='word_1_61' title='bbox 1549 1296 1663 1348; x_wconf 89' lang='lat' dir='ltr'>rerum</span> <span class='ocrx_word' id='word_1_62' title='bbox 1681 1274 1867 1350; x_wconf 79' lang='lat' dir='ltr'>ecclesia-</span> 
     </span>
     <span class='ocr_line' id='line_1_8' title="bbox 177 1369 2010 1473; baseline 0.001 -27"><span class='ocrx_word' id='word_1_63' title='bbox 177 1371 359 1462; x_wconf 87' lang='lat' dir='ltr'>sticarum,</span> <span class='ocrx_word' id='word_1_64' title='bbox 386 1371 455 1446; x_wconf 86' lang='lat' dir='ltr'>nisi</span> <span class='ocrx_word' id='word_1_65' title='bbox 473 1373 656 1472; x_wconf 86' lang='lat' dir='ltr'>contingat</span> <span class='ocrx_word' id='word_1_66' title='bbox 673 1371 874 1450; x_wconf 74' lang='lat' dir='ltr'>incendium</span> <span class='ocrx_word' id='word_1_67' title='bbox 892 1373 928 1448; x_wconf 94' lang='lat' dir='ltr'>in</span> <span class='ocrx_word' id='word_1_68' title='bbox 946 1373 1200 1450; x_wconf 75' lang='lat' dir='ltr'>municionibus</span> <span class='ocrx_word' id='word_1_69' title='bbox 1219 1369 1467 1473; x_wconf 69' lang='lat' dir='ltr'>acquirendisr</span> <span class='ocrx_word' id='word_1_70' title='bbox 1494 1379 1695 1452; x_wconf 84' lang='lat' dir='ltr'>&#39;resomues</span> <span class='ocrx_word' id='word_1_71' title='bbox 1713 1378 1867 1454; x_wconf 80' lang='lat' dir='ltr'>nichilo·</span> <span class='ocrx_word' id='word_1_72' title='bbox 2005 1429 2010 1448; x_wconf 92' lang='lat'>.</span> 
     </span>
     <span class='ocr_line' id='line_1_9' title="bbox 177 1475 1575 1578; baseline 0.001 -26"><span class='ocrx_word' id='word_1_73' title='bbox 177 1477 294 1552; x_wconf 83' lang='lat' dir='ltr'>minus</span> <span class='ocrx_word' id='word_1_74' title='bbox 311 1475 474 1552; x_wconf 74' lang='lat' dir='ltr'>ecclesie</span> <span class='ocrx_word' id='word_1_75' title='bbox 491 1477 586 1552; x_wconf 90' lang='lat' dir='ltr'>sieut</span> <span class='ocrx_word' id='word_1_76' title='bbox 602 1489 748 1552; x_wconf 88' lang='lat' dir='ltr'>nostras</span> <span class='ocrx_word' id='word_1_77' title='bbox 766 1477 931 1578; x_wconf 79' lang='lat' dir='ltr'>proprias</span> <span class='ocrx_word' id='word_1_78' title='bbox 948 1477 1042 1552; x_wconf 79' lang='lat' dir='ltr'>bona</span> <span class='ocrx_word' id='word_1_79' title='bbox 1053 1475 1128 1553; x_wconf 89' lang='lat' dir='ltr'>lide</span> <span class='ocrx_word' id='word_1_80' title='bbox 1146 1475 1395 1559; x_wconf 75' lang='lat' dir='ltr'><strong>defendemus.</strong></span> <span class='ocrx_word' id='word_1_81' title='bbox 1571 1483 1575 1492; x_wconf 89' lang='lat'>&#39;</span> 
     </span>
    </p>

    <p class='ocr_par' dir='ltr' id='par_1_3' title="bbox 176 1577 1988 2096">
     <span class='ocr_line' id='line_1_10' title="bbox 279 1577 1988 1684; baseline 0.004 -30"><span class='ocrx_word' id='word_1_82' title='bbox 279 1577 388 1671; x_wconf 88' lang='lat' dir='ltr'>ltem,</span> <span class='ocrx_word' id='word_1_83' title='bbox 416 1577 595 1655; x_wconf 86' lang='lat' dir='ltr'>collectas</span> <span class='ocrx_word' id='word_1_84' title='bbox 619 1581 700 1656; x_wconf 87' lang='lat' dir='ltr'>sive</span> <span class='ocrx_word' id='word_1_85' title='bbox 725 1581 949 1658; x_wconf 80' lang='lat' dir='ltr'>exacciones</span> <span class='ocrx_word' id='word_1_86' title='bbox 973 1579 1169 1680; x_wconf 71' lang='lat' dir='ltr'><strong>generales</strong></span> <span class='ocrx_word' id='word_1_87' title='bbox 1195 1583 1275 1658; x_wconf 81' lang='lat' dir='ltr'>sive</span> <span class='ocrx_word' id='word_1_88' title='bbox 1298 1581 1487 1684; x_wconf 72' lang='lat' dir='ltr'>speciales</span> <span class='ocrx_word' id='word_1_89' title='bbox 1509 1607 1620 1682; x_wconf 62' lang='lat' dir='ltr'>swer</span> <span class='ocrx_word' id='word_1_90' title='bbox 1642 1581 1867 1660; x_wconf 84' lang='lat' dir='ltr'>homineset</span> <span class='ocrx_word' id='word_1_91' title='bbox 1902 1614 1930 1682; x_wconf 68' lang='grc' dir='ltr'>(ς</span> <span class='ocrx_word' id='word_1_92' title='bbox 1948 1611 1988 1676; x_wconf 77' lang='lat' dir='ltr'>a.)</span> 
     </span>
     <span class='ocr_line' id='line_1_11' title="bbox 178 1681 1867 1788; baseline 0.002 -30"><span class='ocrx_word' id='word_1_93' title='bbox 178 1685 273 1760; x_wconf 91' lang='lat' dir='ltr'>bona</span> <span class='ocrx_word' id='word_1_94' title='bbox 290 1681 550 1761; x_wconf 86' lang='lat' dir='ltr'>ecclesiastica</span> <span class='ocrx_word' id='word_1_95' title='bbox 566 1709 636 1758; x_wconf 92' lang='lat' dir='ltr'>nou</span> <span class='ocrx_word' id='word_1_96' title='bbox 655 1684 831 1762; x_wconf 80' lang='lat' dir='ltr'>faciemus</span> <span class='ocrx_word' id='word_1_97' title='bbox 849 1685 917 1760; x_wconf 91' lang='lat' dir='ltr'>nisi</span> <span class='ocrx_word' id='word_1_98' title='bbox 929 1689 1075 1784; x_wconf 83' lang='lat' dir='ltr'>justas,</span> <span class='ocrx_word' id='word_1_99' title='bbox 1101 1711 1170 1784; x_wconf 87' lang='lat' dir='ltr'>que</span> <span class='ocrx_word' id='word_1_100' title='bbox 1195 1685 1325 1762; x_wconf 87' lang='lat' dir='ltr'>luerint</span> <span class='ocrx_word' id='word_1_101' title='bbox 1349 1691 1415 1786; x_wconf 90' lang='lat' dir='ltr'>p&#39;er</span> <span class='ocrx_word' id='word_1_102' title='bbox 1432 1686 1639 1788; x_wconf 85' lang='lat' dir='ltr'>episcopum</span> <span class='ocrx_word' id='word_1_103' title='bbox 1657 1699 1696 1762; x_wconf 89' lang='lat' dir='ltr'>et</span> <span class='ocrx_word' id='word_1_104' title='bbox 1713 1687 1867 1764; x_wconf 72' lang='lat' dir='ltr'>barm</span> 
     </span>
     <span class='ocr_line' id='line_1_12' title="bbox 177 1787 1867 1890; baseline 0.002 -28"><span class='ocrx_word' id='word_1_105' title='bbox 177 1811 242 1888; x_wconf 90' lang='lat' dir='ltr'>pro</span> <span class='ocrx_word' id='word_1_106' title='bbox 260 1787 413 1864; x_wconf 82' lang='lat' dir='ltr'>utilitate</span> <span class='ocrx_word' id='word_1_107' title='bbox 429 1801 525 1864; x_wconf 87' lang='lat' dir='ltr'>terre</span> <span class='ocrx_word' id='word_1_108' title='bbox 544 1801 580 1863; x_wconf 92' lang='lat' dir='ltr'>et</span> <span class='ocrx_word' id='word_1_109' title='bbox 598 1789 823 1864; x_wconf 77' lang='lat' dir='ltr'>necessitate</span> <span class='ocrx_word' id='word_1_110' title='bbox 841 1790 1057 1889; x_wconf 80' lang='lat' dir='ltr'>approbate,</span> <span class='ocrx_word' id='word_1_111' title='bbox 1085 1789 1154 1864; x_wconf 90' lang='lat' dir='ltr'>nisi</span> <span class='ocrx_word' id='word_1_112' title='bbox 1173 1791 1370 1890; x_wconf 89' lang='lat' dir='ltr'>episeopus</span> <span class='ocrx_word' id='word_1_113' title='bbox 1387 1789 1490 1864; x_wconf 85' lang='lat' dir='ltr'>solus</span> <span class='ocrx_word' id='word_1_114' title='bbox 1509 1801 1635 1866; x_wconf 72' lang='lat' dir='ltr'>conca</span> <span class='ocrx_word' id='word_1_115' title='bbox 1652 1813 1867 1866; x_wconf 87' lang='lat' dir='ltr'>consensum</span> 
     </span>
     <span class='ocr_line' id='line_1_13' title="bbox 177 1889 1867 1990; baseline 0.003 -24"><span class='ocrx_word' id='word_1_116' title='bbox 177 1893 405 1968; x_wconf 84' lang='lat' dir='ltr'>baronum&#39;et</span> <span class='ocrx_word' id='word_1_117' title='bbox 420 1902 545 1968; x_wconf 89' lang='lat' dir='ltr'>contro</span> <span class='ocrx_word' id='word_1_118' title='bbox 555 1891 739 1990; x_wconf 85' lang='lat' dir='ltr'>justiciam</span> <span class='ocrx_word' id='word_1_119' title='bbox 759 1917 859 1968; x_wconf 88' lang='lat' dir='ltr'>suum</span> <span class='ocrx_word' id='word_1_120' title='bbox 877 1917 1095 1968; x_wconf 87' lang='lat' dir='ltr'>consensum</span> <span class='ocrx_word' id='word_1_121' title='bbox 1111 1893 1263 1969; x_wconf 90' lang='lat' dir='ltr'>noluerit</span> <span class='ocrx_word' id='word_1_122' title='bbox 1280 1889 1472 1986; x_wconf 88' lang='lat' dir='ltr'>adhibere,</span> <span class='ocrx_word' id='word_1_123' title='bbox 1499 1892 1570 1971; x_wconf 85' lang='lat' dir='ltr'>lroc</span> <span class='ocrx_word' id='word_1_124' title='bbox 1588 1905 1705 1972; x_wconf 85' lang='lat' dir='ltr'>tamen</span> <span class='ocrx_word' id='word_1_125' title='bbox 1722 1905 1867 1970; x_wconf 86' lang='lat' dir='ltr'>nostros</span> 
     </span>
     <span class='ocr_line' id='line_1_14' title="bbox 176 1992 1531 2096; baseline 0.003 -27"><span class='ocrx_word' id='word_1_126' title='bbox 176 1992 338 2072; x_wconf 83' lang='lat' dir='ltr'>heredes</span> <span class='ocrx_word' id='word_1_127' title='bbox 355 2019 471 2094; x_wconf 88' lang='lat' dir='ltr'>neque</span> <span class='ocrx_word' id='word_1_128' title='bbox 489 1995 654 2096; x_wconf 85' lang='lat' dir='ltr'>episcopi</span> <span class='ocrx_word' id='word_1_129' title='bbox 671 1997 807 2095; x_wconf 86' lang='lat' dir='ltr'>obliget</span> <span class='ocrx_word' id='word_1_130' title='bbox 824 2019 1078 2072; x_wconf 87' lang='lat' dir='ltr'>successores.</span> <span class='ocrx_word' id='word_1_131' title='bbox 1528 2003 1531 2010; x_wconf 87' lang='grc'><strong><em>’</em></strong></span> 
     </span>
    </p>

    <p class='ocr_par' dir='ltr' id='par_1_4' title="bbox 177 2097 1987 2514">
     <span class='ocr_line' id='line_1_15' title="bbox 280 2097 1987 2200; baseline 0.005 -26"><span class='ocrx_word' id='word_1_132' title='bbox 280 2097 387 2191; x_wconf 89' lang='lat' dir='ltr'>ltem,</span> <span class='ocrx_word' id='word_1_133' title='bbox 415 2099 613 2176; x_wconf 85' lang='lat' dir='ltr'>ecclesiam</span> <span class='ocrx_word' id='word_1_134' title='bbox 638 2097 686 2174; x_wconf 93' lang='lat' dir='ltr'>de</span> <span class='ocrx_word' id='word_1_135' title='bbox 710 2099 845 2176; x_wconf 86' lang='lat' dir='ltr'>Kalis</span> <span class='ocrx_word' id='word_1_136' title='bbox 868 2101 1078 2177; x_wconf 73' lang='lat' dir='ltr'>conbustam</span> <span class='ocrx_word' id='word_1_137' title='bbox 1101 2099 1263 2200; x_wconf 89' lang='lat' dir='ltr'>reparari</span> <span class='ocrx_word' id='word_1_138' title='bbox 1287 2099 1462 2178; x_wconf 77' lang='lat' dir='ltr'>faciemus</span> <span class='ocrx_word' id='word_1_139' title='bbox 1474 2106 1588 2200; x_wconf 79' lang='lat' dir='ltr'>jrmta</span> <span class='ocrx_word' id='word_1_140' title='bbox 1603 2099 1868 2178; x_wconf 72' lang='lat' dir='ltr'>ordinacionem</span> <span class='ocrx_word' id='word_1_141' title='bbox 1901 2130 1930 2198; x_wconf 69' lang='lat' dir='ltr'>(p</span> <span class='ocrx_word' id='word_1_142' title='bbox 1948 2131 1987 2193; x_wconf 83' lang='lat' dir='ltr'>r.)</span> 
     </span>
     <span class='ocr_line' id='line_1_16' title="bbox 177 2201 1868 2304; baseline 0.001 -24"><span class='ocrx_word' id='word_1_143' title='bbox 177 2201 361 2304; x_wconf 83' lang='lat' dir='ltr'>cpiscopi3</span> <span class='ocrx_word' id='word_1_144' title='bbox 380 2203 571 2278; x_wconf 90' lang='lat' dir='ltr'>claustrum</span> <span class='ocrx_word' id='word_1_145' title='bbox 591 2201 639 2279; x_wconf 92' lang='lat' dir='ltr'>de</span> <span class='ocrx_word' id='word_1_146' title='bbox 655 2203 696 2278; x_wconf 95' lang='lat' dir='ltr'><strong>N</strong></span> <span class='ocrx_word' id='word_1_147' title='bbox 703 2228 785 2279; x_wconf 81' lang='lat' dir='ltr'>ovo</span> <span class='ocrx_word' id='word_1_148' title='bbox 804 2215 958 2279; x_wconf 87' lang='lat' dir='ltr'>castro</span> <span class='ocrx_word' id='word_1_149' title='bbox 973 2205 999 2295; x_wconf 87' lang='lat'>¹)</span> <span class='ocrx_word' id='word_1_150' title='bbox 1017 2205 1051 2278; x_wconf 92' lang='lat' dir='ltr'>in</span> <span class='ocrx_word' id='word_1_151' title='bbox 1071 2201 1221 2280; x_wconf 86' lang='lat' dir='ltr'>decimis</span> <span class='ocrx_word' id='word_1_152' title='bbox 1241 2215 1278 2279; x_wconf 89' lang='lat' dir='ltr'>et</span> <span class='ocrx_word' id='word_1_153' title='bbox 1294 2205 1334 2278; x_wconf 90' lang='lat' dir='ltr'>in&#39;</span> <span class='ocrx_word' id='word_1_154' title='bbox 1347 2205 1439 2280; x_wconf 91' lang='lat' dir='ltr'>omni</span> <span class='ocrx_word' id='word_1_155' title='bbox 1450 2208 1536 2304; x_wconf 90' lang='lat' dir='ltr'>jure</span> <span class='ocrx_word' id='word_1_156' title='bbox 1554 2204 1811 2282; x_wconf 85' lang='lat' dir='ltr'>ecclesiastico</span> <span class='ocrx_word' id='word_1_157' title='bbox 1831 2213 1868 2282; x_wconf 88' lang='lat' dir='ltr'>et</span> 
     </span>
     <span class='ocr_line' id='line_1_17' title="bbox 177 2305 1866 2411; baseline 0.002 -30"><span class='ocrx_word' id='word_1_158' title='bbox 177 2305 353 2408; x_wconf 84' lang='lat' dir='ltr'>spirituali</span> <span class='ocrx_word' id='word_1_159' title='bbox 370 2306 507 2382; x_wconf 76' lang='lat' dir='ltr'>omuino</span> <span class='ocrx_word' id='word_1_160' title='bbox 524 2307 765 2400; x_wconf 84' lang='lat' dir='ltr'>restituemus,</span> <span class='ocrx_word' id='word_1_161' title='bbox 783 2307 898 2409; x_wconf 87' lang='lat' dir='ltr'>ipsum</span> <span class='ocrx_word' id='word_1_162' title='bbox 916 2319 1034 2384; x_wconf 85' lang='lat' dir='ltr'>autem</span> <span class='ocrx_word' id='word_1_163' title='bbox 1051 2307 1169 2383; x_wconf 89' lang='lat' dir='ltr'>locum</span> <span class='ocrx_word' id='word_1_164' title='bbox 1184 2306 1333 2384; x_wconf 83' lang='lat' dir='ltr'>claustri</span> <span class='ocrx_word' id='word_1_165' title='bbox 1352 2321 1389 2384; x_wconf 90' lang='lat' dir='ltr'>et</span> <span class='ocrx_word' id='word_1_166' title='bbox 1401 2309 1660 2411; x_wconf 88' lang='lat' dir='ltr'>possessiones</span> <span class='ocrx_word' id='word_1_167' title='bbox 1674 2313 1768 2410; x_wconf 90' lang='lat' dir='ltr'>ejus,</span> <span class='ocrx_word' id='word_1_168' title='bbox 1787 2310 1866 2410; x_wconf 87' lang='lat' dir='ltr'>qui-</span> 
     </span>
     <span class='ocr_line' id='line_1_18' title="bbox 177 2407 1493 2514; baseline 0.001 -29"><span class='ocrx_word' id='word_1_169' title='bbox 177 2410 244 2486; x_wconf 87' lang='lat' dir='ltr'>bus</span> <span class='ocrx_word' id='word_1_170' title='bbox 261 2407 535 2510; x_wconf 83' lang='lat' dir='ltr'>indiguerimus,</span> <span class='ocrx_word' id='word_1_171' title='bbox 562 2411 655 2486; x_wconf 85' lang='lat' dir='ltr'>inlra</span> <span class='ocrx_word' id='word_1_172' title='bbox 673 2409 766 2486; x_wconf 90' lang='lat' dir='ltr'>dues</span> <span class='ocrx_word' id='word_1_173' title='bbox 784 2435 898 2486; x_wconf 91' lang='lat' dir='ltr'>annos</span> <span class='ocrx_word' id='word_1_174' title='bbox 914 2413 950 2486; x_wconf 90' lang='lat' dir='ltr'>in</span> <span class='ocrx_word' id='word_1_175' title='bbox 967 2412 1060 2489; x_wconf 89' lang='lat' dir='ltr'>locis</span> <span class='ocrx_word' id='word_1_176' title='bbox 1079 2412 1368 2488; x_wconf 81' lang='lat' dir='ltr'>commutabimus</span> <span class='ocrx_word' id='word_1_177' title='bbox 1386 2412 1493 2514; x_wconf 84' lang='lat' dir='ltr'>aptis.</span> 
     </span>
    </p>

    <p class='ocr_par' dir='ltr' id='par_1_5' title="bbox 177 2513 1988 2695">
     <span class='ocr_line' id='line_1_19' title="bbox 280 2513 1988 2617; baseline 0.006 -29"><span class='ocrx_word' id='word_1_178' title='bbox 280 2514 370 2590; x_wconf 91' lang='lat' dir='ltr'>ltem</span> <span class='ocrx_word' id='word_1_179' title='bbox 387 2515 624 2590; x_wconf 86' lang='lat' dir='ltr'>inmunitatem</span> <span class='ocrx_word' id='word_1_180' title='bbox 643 2513 804 2590; x_wconf 88' lang='lat' dir='ltr'>domibus</span> <span class='ocrx_word' id='word_1_181' title='bbox 819 2516 1087 2617; x_wconf 85' lang='lat' dir='ltr'>episcopalibus</span> <span class='ocrx_word' id='word_1_182' title='bbox 1106 2529 1144 2592; x_wconf 91' lang='lat' dir='ltr'>et</span> <span class='ocrx_word' id='word_1_183' title='bbox 1159 2515 1373 2616; x_wconf 76' lang='lat' dir='ltr'>regularium</span> <span class='ocrx_word' id='word_1_184' title='bbox 1391 2542 1457 2593; x_wconf 91' lang='lat' dir='ltr'>seu</span> <span class='ocrx_word' id='word_1_185' title='bbox 1477 2515 1693 2593; x_wconf 88' lang='lat' dir='ltr'>secularium</span> <span class='ocrx_word' id='word_1_186' title='bbox 1710 2517 1867 2595; x_wconf 87' lang='lat' dir='ltr'>clerieo-</span> <span class='ocrx_word' id='word_1_187' title='bbox 1903 2545 1931 2612; x_wconf 68' lang='lat'>(5</span> <span class='ocrx_word' id='word_1_188' title='bbox 1949 2543 1988 2606; x_wconf 84' lang='lat' dir='ltr'>o.)</span> 
     </span>
     <span class='ocr_line' id='line_1_20' title="bbox 177 2615 725 2695; baseline 0.002 -3"><span class='ocrx_word' id='word_1_189' title='bbox 177 2643 250 2694; x_wconf 90' lang='lat' dir='ltr'>rum</span> <span class='ocrx_word' id='word_1_190' title='bbox 268 2615 427 2694; x_wconf 84' lang='lat' dir='ltr'>debitam</span> <span class='ocrx_word' id='word_1_191' title='bbox 445 2619 725 2695; x_wconf 86' lang='lat' dir='ltr'>observabimus.</span> 
     </span>
    </p>

    <p class='ocr_par' dir='ltr' id='par_1_6' title="bbox 177 2719 1986 3239">
     <span class='ocr_line' id='line_1_21' title="bbox 280 2719 1986 2826; baseline 0.003 -31"><span class='ocrx_word' id='word_1_192' title='bbox 280 2721 370 2798; x_wconf 89' lang='lat' dir='ltr'>ltem</span> <span class='ocrx_word' id='word_1_193' title='bbox 388 2719 515 2800; x_wconf 87' lang='lat' dir='ltr'>adres</span> <span class='ocrx_word' id='word_1_194' title='bbox 534 2723 814 2800; x_wconf 88' lang='lat' dir='ltr'>ecclesiasticas</span> <span class='ocrx_word' id='word_1_195' title='bbox 839 2747 975 2801; x_wconf 90' lang='lat' dir='ltr'>manum</span> <span class='ocrx_word' id='word_1_196' title='bbox 994 2721 1041 2801; x_wconf 90' lang='lat' dir='ltr'>de</span> <span class='ocrx_word' id='word_1_197' title='bbox 1065 2733 1189 2800; x_wconf 89' lang='lat' dir='ltr'>cetero</span> <span class='ocrx_word' id='word_1_198' title='bbox 1213 2723 1385 2824; x_wconf 85' lang='lat' dir='ltr'>injuriose</span> <span class='ocrx_word' id='word_1_199' title='bbox 1408 2748 1477 2800; x_wconf 90' lang='lat' dir='ltr'>non</span> <span class='ocrx_word' id='word_1_200' title='bbox 1500 2724 1676 2800; x_wconf 90' lang='lat' dir='ltr'>mittemus</span> <span class='ocrx_word' id='word_1_201' title='bbox 1700 2735 1737 2800; x_wconf 89' lang='lat' dir='ltr'>et</span> <span class='ocrx_word' id='word_1_202' title='bbox 1761 2721 1866 2826; x_wconf 91' lang='lat' dir='ltr'>quid·</span> <span class='ocrx_word' id='word_1_203' title='bbox 1900 2748 1986 2820; x_wconf 60' lang='lat' dir='ltr'>(pu.</span> 
     </span>
     <span class='ocr_line' id='line_1_22' title="bbox 178 2818 1867 2932; baseline 0.001 -31"><span class='ocrx_word' id='word_1_204' title='bbox 178 2821 327 2926; x_wconf 88' lang='lat' dir='ltr'>quidde</span> <span class='ocrx_word' id='word_1_205' title='bbox 353 2827 461 2902; x_wconf 91' lang='lat' dir='ltr'>rebus</span> <span class='ocrx_word' id='word_1_206' title='bbox 480 2825 749 2928; x_wconf 87' lang='lat' dir='ltr'>episcopalibus</span> <span class='ocrx_word' id='word_1_207' title='bbox 773 2823 985 2928; x_wconf 79' lang='lat' dir='ltr'>collegimus</span> <span class='ocrx_word' id='word_1_208' title='bbox 1007 2825 1068 2902; x_wconf 88' lang='lat' dir='ltr'>vel</span> <span class='ocrx_word' id='word_1_209' title='bbox 1091 2827 1256 2903; x_wconf 87' lang='lat' dir='ltr'>militibus</span> <span class='ocrx_word' id='word_1_210' title='bbox 1273 2827 1490 2932; x_wconf 85' lang='lat' dir='ltr'>precipimus</span> <span class='ocrx_word' id='word_1_211' title='bbox 1508 2824 1762 2928; x_wconf 88' lang='lat' dir='ltr'>colligendum,</span> <span class='ocrx_word' id='word_1_212' title='bbox 1788 2818 1867 2904; x_wconf 85' lang='lat' dir='ltr'>cum</span> 
     </span>
     <span class='ocr_line' id='line_1_23' title="bbox 177 2929 1866 3034; baseline 0.001 -30"><span class='ocrx_word' id='word_1_213' title='bbox 177 2929 382 3030; x_wconf 86' lang='lat' dir='ltr'>integritate</span> <span class='ocrx_word' id='word_1_214' title='bbox 406 2929 653 3026; x_wconf 83' lang='lat' dir='ltr'>restituemus,</span> <span class='ocrx_word' id='word_1_215' title='bbox 682 2939 719 3007; x_wconf 91' lang='lat' dir='ltr'>et</span> <span class='ocrx_word' id='word_1_216' title='bbox 740 2929 775 3005; x_wconf 92' lang='lat' dir='ltr'>iu</span> <span class='ocrx_word' id='word_1_217' title='bbox 801 2929 857 3006; x_wconf 89' lang='lat' dir='ltr'>eis</span> <span class='ocrx_word' id='word_1_218' title='bbox 875 2955 943 3030; x_wconf 92' lang='lat' dir='ltr'>que</span> <span class='ocrx_word' id='word_1_219' title='bbox 961 2952 1030 3005; x_wconf 89' lang='lat' dir='ltr'>nun</span> <span class='ocrx_word' id='word_1_220' title='bbox 1053 2929 1264 3030; x_wconf 78' lang='lat' dir='ltr'>collegimus</span> <span class='ocrx_word' id='word_1_221' title='bbox 1282 2955 1351 3008; x_wconf 89' lang='lat' dir='ltr'>nec</span> <span class='ocrx_word' id='word_1_222' title='bbox 1368 2931 1595 3034; x_wconf 88' lang='lat' dir='ltr'>precepimus</span> <span class='ocrx_word' id='word_1_223' title='bbox 1613 2929 1866 3031; x_wconf 86' lang='lat' dir='ltr'>colligendum,</span> 
     </span>
     <span class='ocr_line' id='line_1_24' title="bbox 178 3033 1867 3138; baseline 0 -30"><span class='ocrx_word' id='word_1_224' title='bbox 178 3045 344 3134; x_wconf 88' lang='lat' dir='ltr'>quantum</span> <span class='ocrx_word' id='word_1_225' title='bbox 360 3059 564 3136; x_wconf 90' lang='lat' dir='ltr'>possumus,</span> <span class='ocrx_word' id='word_1_226' title='bbox 583 3037 757 3138; x_wconf 89' lang='lat' dir='ltr'>episeopo</span> <span class='ocrx_word' id='word_1_227' title='bbox 772 3033 987 3110; x_wconf 87' lang='lat' dir='ltr'>assistemus</span> <span class='ocrx_word' id='word_1_228' title='bbox 1006 3033 1201 3128; x_wconf 85' lang='lat' dir='ltr'>bonafide,</span> <span class='ocrx_word' id='word_1_229' title='bbox 1220 3059 1289 3111; x_wconf 85' lang='lat' dir='ltr'>nec</span> <span class='ocrx_word' id='word_1_230' title='bbox 1308 3036 1640 3114; x_wconf 89' lang='lat' dir='ltr'>communicabimus</span> <span class='ocrx_word' id='word_1_231' title='bbox 1659 3059 1867 3112; x_wconf 86' lang='lat' dir='ltr'>excommu-</span> 
     </span>
     <span class='ocr_line' id='line_1_25' title="bbox 179 3137 1627 3239; baseline 0.001 -27"><span class='ocrx_word' id='word_1_232' title='bbox 179 3137 308 3216; x_wconf 89' lang='lat' dir='ltr'>nicatis</span> <span class='ocrx_word' id='word_1_233' title='bbox 326 3139 429 3214; x_wconf 91' lang='lat' dir='ltr'>nobis</span> <span class='ocrx_word' id='word_1_234' title='bbox 448 3137 675 3216; x_wconf 84' lang='lat' dir='ltr'>denuncietis</span> <span class='ocrx_word' id='word_1_235' title='bbox 690 3140 760 3214; x_wconf 86' lang='lat' dir='ltr'>nisi</span> <span class='ocrx_word' id='word_1_236' title='bbox 776 3140 812 3214; x_wconf 90' lang='lat' dir='ltr'>in</span> <span class='ocrx_word' id='word_1_237' title='bbox 830 3139 993 3218; x_wconf 83' lang='lat' dir='ltr'>exercitu</span> <span class='ocrx_word' id='word_1_238' title='bbox 1011 3139 1072 3215; x_wconf 81' lang='lat' dir='ltr'>vel</span> <span class='ocrx_word' id='word_1_239' title='bbox 1089 3139 1164 3216; x_wconf 87' lang='lat' dir='ltr'>alia</span> <span class='ocrx_word' id='word_1_240' title='bbox 1180 3140 1405 3218; x_wconf 83' lang='lat' dir='ltr'>necessitate</span> <span class='ocrx_word' id='word_1_241' title='bbox 1421 3139 1627 3239; x_wconf 91' lang='lat' dir='ltr'>inpellente.</span> 
     </span>
    </p>

    <p class='ocr_par' dir='ltr' id='par_1_7' title="bbox 177 3241 1988 3864">
     <span class='ocr_line' id='line_1_26' title="bbox 280 3241 1988 3346; baseline 0.001 -30"><span class='ocrx_word' id='word_1_242' title='bbox 280 3241 388 3330; x_wconf 92' lang='lat' dir='ltr'>ltem,</span> <span class='ocrx_word' id='word_1_243' title='bbox 416 3243 554 3318; x_wconf 88' lang='lat' dir='ltr'>nunciis</span> <span class='ocrx_word' id='word_1_244' title='bbox 578 3243 742 3346; x_wconf 88' lang='lat' dir='ltr'>episcopi</span> <span class='ocrx_word' id='word_1_245' title='bbox 765 3253 802 3318; x_wconf 89' lang='lat' dir='ltr'>et</span> <span class='ocrx_word' id='word_1_246' title='bbox 826 3243 973 3318; x_wconf 92' lang='lat' dir='ltr'>aliorum</span> <span class='ocrx_word' id='word_1_247' title='bbox 991 3243 1323 3318; x_wconf 75' lang='lat' dir='ltr'>ecclesiasticorum</span> <span class='ocrx_word' id='word_1_248' title='bbox 1349 3243 1500 3316; x_wconf 80' lang='lat' dir='ltr'>virorum</span> <span class='ocrx_word' id='word_1_249' title='bbox 1525 3254 1563 3318; x_wconf 92' lang='lat' dir='ltr'>et</span> <span class='ocrx_word' id='word_1_250' title='bbox 1579 3241 1867 3346; x_wconf 87' lang='lat' dir='ltr'>procuratoribus</span> <span class='ocrx_word' id='word_1_251' title='bbox 1901 3266 1930 3336; x_wconf 70' lang='lat' dir='ltr'>(p</span> <span class='ocrx_word' id='word_1_252' title='bbox 1949 3265 1988 3328; x_wconf 83' lang='lat'>7.)</span> 
     </span>
     <span class='ocr_line' id='line_1_27' title="bbox 179 3336 1865 3450; baseline -0.002 -28"><span class='ocrx_word' id='word_1_253' title='bbox 179 3370 298 3422; x_wconf 89' lang='lat' dir='ltr'>eorum</span> <span class='ocrx_word' id='word_1_254' title='bbox 315 3347 350 3420; x_wconf 91' lang='lat' dir='ltr'>in</span> <span class='ocrx_word' id='word_1_255' title='bbox 369 3344 521 3421; x_wconf 88' lang='lat' dir='ltr'>dominio</span> <span class='ocrx_word' id='word_1_256' title='bbox 546 3359 667 3422; x_wconf 86' lang='lat' dir='ltr'>nostro</span> <span class='ocrx_word' id='word_1_257' title='bbox 685 3371 749 3450; x_wconf 93' lang='lat' dir='ltr'>pro</span> <span class='ocrx_word' id='word_1_258' title='bbox 769 3371 887 3422; x_wconf 89' lang='lat' dir='ltr'>eorum</span> <span class='ocrx_word' id='word_1_259' title='bbox 913 3345 1078 3446; x_wconf 87' lang='lat' dir='ltr'>negociis</span> <span class='ocrx_word' id='word_1_260' title='bbox 1104 3345 1276 3442; x_wconf 85' lang='lat' dir='ltr'>gerendis</span> <span class='ocrx_word' id='word_1_261' title='bbox 1300 3346 1442 3448; x_wconf 89' lang='lat' dir='ltr'>plenam</span> <span class='ocrx_word' id='word_1_262' title='bbox 1468 3336 1595 3420; x_wconf 88' lang='lat' dir='ltr'>damus</span> <span class='ocrx_word' id='word_1_263' title='bbox 1623 3343 1865 3438; x_wconf 88' lang='lat' dir='ltr'>securitatem,</span> 
     </span>
     <span class='ocr_line' id='line_1_28' title="bbox 178 3444 1867 3554; baseline -0.002 -27"><span class='ocrx_word' id='word_1_264' title='bbox 178 3463 214 3527; x_wconf 89' lang='lat' dir='ltr'>et</span> <span class='ocrx_word' id='word_1_265' title='bbox 226 3449 340 3526; x_wconf 92' lang='lat' dir='ltr'>libere</span> <span class='ocrx_word' id='word_1_266' title='bbox 378 3451 594 3526; x_wconf 88' lang='lat' dir='ltr'>remittemus</span> <span class='ocrx_word' id='word_1_267' title='bbox 610 3451 718 3550; x_wconf 77' lang='lat' dir='ltr'>(sict)</span> <span class='ocrx_word' id='word_1_268' title='bbox 762 3476 802 3526; x_wconf 91' lang='lat' dir='ltr'>cr</span> <span class='ocrx_word' id='word_1_269' title='bbox 815 3459 1067 3552; x_wconf 88' lang='lat' dir='ltr'>procuratores</span> <span class='ocrx_word' id='word_1_270' title='bbox 1082 3451 1246 3554; x_wconf 89' lang='lat' dir='ltr'>episcopi</span> <span class='ocrx_word' id='word_1_271' title='bbox 1258 3449 1336 3525; x_wconf 87' lang='lat' dir='ltr'>lieri</span> <span class='ocrx_word' id='word_1_272' title='bbox 1354 3449 1534 3528; x_wconf 87' lang='lat' dir='ltr'>racionem</span> <span class='ocrx_word' id='word_1_273' title='bbox 1553 3473 1671 3527; x_wconf 89' lang='lat' dir='ltr'>coram</span> <span class='ocrx_word' id='word_1_274' title='bbox 1686 3449 1789 3524; x_wconf 90' lang='lat' dir='ltr'>nobis</span> <span class='ocrx_word' id='word_1_275' title='bbox 1806 3444 1867 3524; x_wconf 85' lang='lat' dir='ltr'>vel</span> 
     </span>
     <span class='ocr_line' id='line_1_29' title="bbox 177 3477 1868 3658; baseline -0.001 -29"><span class='ocrx_word' id='word_1_276' title='bbox 177 3581 201 3629; x_wconf 88' lang='lat' dir='ltr'>a</span> <span class='ocrx_word' id='word_1_277' title='bbox 218 3553 321 3628; x_wconf 90' lang='lat' dir='ltr'>nubis</span> <span class='ocrx_word' id='word_1_278' title='bbox 340 3477 540 3656; x_wconf 76' lang='lat' dir='ltr'>deputatis,</span> <span class='ocrx_word' id='word_1_279' title='bbox 572 3565 609 3630; x_wconf 95' lang='lat' dir='ltr'>et</span> <span class='ocrx_word' id='word_1_280' title='bbox 627 3581 704 3632; x_wconf 88' lang='lat' dir='ltr'>cum</span> <span class='ocrx_word' id='word_1_281' title='bbox 724 3477 913 3632; x_wconf 77' lang='lat' dir='ltr'>declarata</span> <span class='ocrx_word' id='word_1_282' title='bbox 931 3553 1060 3631; x_wconf 84' lang='lat' dir='ltr'>luerint</span> <span class='ocrx_word' id='word_1_283' title='bbox 1078 3579 1146 3656; x_wconf 90' lang='lat' dir='ltr'>que</span> <span class='ocrx_word' id='word_1_284' title='bbox 1165 3579 1230 3658; x_wconf 90' lang='lat' dir='ltr'>per</span> <span class='ocrx_word' id='word_1_285' title='bbox 1246 3580 1313 3629; x_wconf 88' lang='lat' dir='ltr'>nos</span> <span class='ocrx_word' id='word_1_286' title='bbox 1331 3555 1392 3630; x_wconf 86' lang='lat' dir='ltr'>vel</span> <span class='ocrx_word' id='word_1_287' title='bbox 1410 3577 1476 3658; x_wconf 91' lang='lat' dir='ltr'>per</span> <span class='ocrx_word' id='word_1_288' title='bbox 1492 3567 1647 3629; x_wconf 82' lang='lat' dir='ltr'>nusturm</span> <span class='ocrx_word' id='word_1_289' title='bbox 1665 3547 1868 3629; x_wconf 87' lang='lat' dir='ltr'>mandatum</span> 
     </span>
     <span class='ocr_line' id='line_1_30' title="bbox 178 3655 1867 3762; baseline -0.001 -28"><span class='ocrx_word' id='word_1_290' title='bbox 178 3667 260 3734; x_wconf 88' lang='lat' dir='ltr'>sunt</span> <span class='ocrx_word' id='word_1_291' title='bbox 275 3671 462 3760; x_wconf 81' lang='lat' dir='ltr'>precepta,</span> <span class='ocrx_word' id='word_1_292' title='bbox 490 3683 537 3738; x_wconf 90' lang='lat' dir='ltr'>ea</span> <span class='ocrx_word' id='word_1_293' title='bbox 561 3655 666 3734; x_wconf 84' lang='lat' dir='ltr'>datis</span> <span class='ocrx_word' id='word_1_294' title='bbox 683 3661 794 3734; x_wconf 89' lang='lat' dir='ltr'>certis</span> <span class='ocrx_word' id='word_1_295' title='bbox 817 3655 1094 3758; x_wconf 87' lang='lat' dir='ltr'>fidejussoribus</span> <span class='ocrx_word' id='word_1_296' title='bbox 1120 3684 1235 3762; x_wconf 88' lang='lat' dir='ltr'>usqne</span> <span class='ocrx_word' id='word_1_297' title='bbox 1253 3657 1302 3734; x_wconf 88' lang='lat' dir='ltr'>ad</span> <span class='ocrx_word' id='word_1_298' title='bbox 1320 3655 1452 3734; x_wconf 78' lang='lat' dir='ltr'>festum</span> <span class='ocrx_word' id='word_1_299' title='bbox 1470 3657 1586 3736; x_wconf 86' lang='lat' dir='ltr'>sancti</span> <span class='ocrx_word' id='word_1_300' title='bbox 1604 3659 1781 3735; x_wconf 86' lang='lat' dir='ltr'>Jolrannis</span> <span class='ocrx_word' id='word_1_301' title='bbox 1799 3659 1867 3734; x_wconf 93' lang='lat' dir='ltr'>ba·</span> 
     </span>
     <span class='ocr_line' id='line_1_31' title="bbox 177 3761 1867 3864; baseline -0.002 -27"><span class='ocrx_word' id='word_1_302' title='bbox 177 3761 287 3864; x_wconf 87' lang='lat' dir='ltr'>ptiste</span> <span class='ocrx_word' id='word_1_303' title='bbox 305 3764 464 3862; x_wconf 80' lang='lat' dir='ltr'>proximo</span> <span class='ocrx_word' id='word_1_304' title='bbox 481 3773 663 3838; x_wconf 85' lang='lat' dir='ltr'>venturum</span> <span class='ocrx_word' id='word_1_305' title='bbox 681 3761 941 3864; x_wconf 88' lang='lat' dir='ltr'>persolvemus.</span> <span class='ocrx_word' id='word_1_306' title='bbox 1444 3827 1448 3836; x_wconf 90' lang='lat'>.</span> <span class='ocrx_word' id='word_1_307' title='bbox 1863 3849 1867 3859; x_wconf 69' lang='lat'><em>,</em></span> 
     </span>
    </p>

    <p class='ocr_par' dir='ltr' id='par_1_8' title="bbox 179 3863 1867 4150">
     <span class='ocr_line' id='line_1_32' title="bbox 280 3863 1867 3970; baseline -0.001 -31"><span class='ocrx_word' id='word_1_308' title='bbox 280 3863 380 3942; x_wconf 91' lang='lat' dir='ltr'>ldem</span> <span class='ocrx_word' id='word_1_309' title='bbox 399 3865 573 3941; x_wconf 83' lang='lat' dir='ltr'>faciemus</span> <span class='ocrx_word' id='word_1_310' title='bbox 592 3865 674 3940; x_wconf 89' lang='lat' dir='ltr'>aliis</span> <span class='ocrx_word' id='word_1_311' title='bbox 691 3863 779 3939; x_wconf 83' lang='lat' dir='ltr'>viris</span> <span class='ocrx_word' id='word_1_312' title='bbox 798 3865 1066 3944; x_wconf 89' lang='lat' dir='ltr'>ecclesiasticis</span> <span class='ocrx_word' id='word_1_313' title='bbox 1085 3863 1133 3943; x_wconf 91' lang='lat' dir='ltr'>de</span> <span class='ocrx_word' id='word_1_314' title='bbox 1150 3864 1243 3958; x_wconf 88' lang='lat' dir='ltr'>hiis,</span> <span class='ocrx_word' id='word_1_315' title='bbox 1271 3891 1339 3969; x_wconf 88' lang='lat' dir='ltr'>que</span> <span class='ocrx_word' id='word_1_316' title='bbox 1358 3891 1424 3970; x_wconf 91' lang='lat' dir='ltr'>per</span> <span class='ocrx_word' id='word_1_317' title='bbox 1442 3887 1508 3942; x_wconf 90' lang='lat' dir='ltr'>nus</span> <span class='ocrx_word' id='word_1_318' title='bbox 1525 3865 1586 3942; x_wconf 89' lang='lat' dir='ltr'>vel</span> <span class='ocrx_word' id='word_1_319' title='bbox 1606 3877 1759 3940; x_wconf 87' lang='lat' dir='ltr'>nostrum</span> <span class='ocrx_word' id='word_1_320' title='bbox 1778 3887 1867 3964; x_wconf 92' lang='lat' dir='ltr'>spe-</span> 
     </span>
     <span class='ocr_line' id='line_1_33' title="bbox 179 3967 1867 4072; baseline -0.003 -26"><span class='ocrx_word' id='word_1_321' title='bbox 179 3969 273 4046; x_wconf 88' lang='lat' dir='ltr'>ciale</span> <span class='ocrx_word' id='word_1_322' title='bbox 291 3967 490 4044; x_wconf 85' lang='lat' dir='ltr'>mandatum</span> <span class='ocrx_word' id='word_1_323' title='bbox 509 3969 600 4072; x_wconf 86' lang='lat' dir='ltr'>ipsis</span> <span class='ocrx_word' id='word_1_324' title='bbox 620 3982 702 4044; x_wconf 90' lang='lat' dir='ltr'>sunt</span> <span class='ocrx_word' id='word_1_325' title='bbox 719 3969 852 4043; x_wconf 88' lang='lat' dir='ltr'>ablata.</span> <span class='ocrx_word' id='word_1_326' title='bbox 881 3967 924 4044; x_wconf 88' lang='lat' dir='ltr'>Si</span> <span class='ocrx_word' id='word_1_327' title='bbox 942 3995 1011 4070; x_wconf 89' lang='lat' dir='ltr'>que</span> <span class='ocrx_word' id='word_1_328' title='bbox 1029 3985 1151 4071; x_wconf 88' lang='lat' dir='ltr'>preter</span> <span class='ocrx_word' id='word_1_329' title='bbox 1167 3969 1238 4047; x_wconf 91' lang='lat' dir='ltr'>hec</span> <span class='ocrx_word' id='word_1_330' title='bbox 1256 3969 1468 4066; x_wconf 79' lang='lat' dir='ltr'>factasunt,</span> <span class='ocrx_word' id='word_1_331' title='bbox 1489 3971 1685 4072; x_wconf 88' lang='lat' dir='ltr'>episcopus</span> <span class='ocrx_word' id='word_1_332' title='bbox 1703 3991 1769 4042; x_wconf 90' lang='lat' dir='ltr'>suo</span> <span class='ocrx_word' id='word_1_333' title='bbox 1782 3971 1867 4066; x_wconf 85' lang='lat' dir='ltr'>jure</span> 
     </span>
     <span class='ocr_line' id='line_1_34' title="bbox 180 4065 1606 4150; baseline 0.002 -3"><span class='ocrx_word' id='word_1_334' title='bbox 180 4085 304 4149; x_wconf 88' lang='lat' dir='ltr'>utatur.</span> <span class='ocrx_word' id='word_1_335' title='bbox 922 4065 931 4094; x_wconf 85' lang='lat'>&#39;</span> <span class='ocrx_word' id='word_1_336' title='bbox 1598 4139 1606 4150; x_wconf 85' lang='lat'>.</span> 
     </span>
    </p>

    <p class='ocr_par' dir='ltr' id='par_1_9' title="bbox 178 4169 1989 4589">
     <span class='ocr_line' id='line_1_35' title="bbox 278 4169 1989 4278; baseline 0 -26"><span class='ocrx_word' id='word_1_337' title='bbox 278 4177 379 4269; x_wconf 89' lang='lat' dir='ltr'>Item,</span> <span class='ocrx_word' id='word_1_338' title='bbox 400 4173 538 4252; x_wconf 89' lang='lat' dir='ltr'>domiue</span> <span class='ocrx_word' id='word_1_339' title='bbox 558 4171 731 4278; x_wconf 89' lang='lat' dir='ltr'>episeopo</span> <span class='ocrx_word' id='word_1_340' title='bbox 750 4169 936 4276; x_wconf 84' lang='lat' dir='ltr'>dampnum</span> <span class='ocrx_word' id='word_1_341' title='bbox 952 4175 987 4250; x_wconf 89' lang='lat' dir='ltr'>in</span> <span class='ocrx_word' id='word_1_342' title='bbox 1006 4171 1211 4267; x_wconf 83' lang='lat' dir='ltr'>Zwent²)</span> <span class='ocrx_word' id='word_1_343' title='bbox 1235 4173 1369 4250; x_wconf 82' lang='lat' dir='ltr'>lactum</span> <span class='ocrx_word' id='word_1_344' title='bbox 1387 4171 1582 4252; x_wconf 88' lang='lat' dir='ltr'>secuudum</span> <span class='ocrx_word' id='word_1_345' title='bbox 1602 4173 1868 4249; x_wconf 87' lang='lat' dir='ltr'>estimaeionem</span> <span class='ocrx_word' id='word_1_346' title='bbox 1902 4199 1931 4266; x_wconf 72' lang='lat' dir='ltr'>(o</span> <span class='ocrx_word' id='word_1_347' title='bbox 1948 4197 1989 4260; x_wconf 83' lang='lat' dir='ltr'>s.)</span> 
     </span>
     <span class='ocr_line' id='line_1_36' title="bbox 180 4275 1867 4457; baseline -0.001 -103"><span class='ocrx_word' id='word_1_348' title='bbox 180 4281 244 4355; x_wconf 88' lang='lat' dir='ltr'>sub</span> <span class='ocrx_word' id='word_1_349' title='bbox 263 4283 466 4384; x_wconf 88' lang='lat' dir='ltr'>juramento</span> <span class='ocrx_word' id='word_1_350' title='bbox 491 4279 642 4382; x_wconf 91' lang='lat' dir='ltr'>abipso</span> <span class='ocrx_word' id='word_1_351' title='bbox 668 4279 841 4382; x_wconf 89' lang='lat' dir='ltr'>episcopo</span> <span class='ocrx_word' id='word_1_352' title='bbox 866 4279 927 4356; x_wconf 88' lang='lat' dir='ltr'>vel</span> <span class='ocrx_word' id='word_1_353' title='bbox 952 4283 1034 4380; x_wconf 87' lang='lat' dir='ltr'>ejus</span> <span class='ocrx_word' id='word_1_354' title='bbox 1052 4291 1289 4457; x_wconf 81' lang='lat' dir='ltr'>procuratore</span> <span class='ocrx_word' id='word_1_355' title='bbox 1307 4275 1502 4352; x_wconf 85' lang='lat' dir='ltr'>Leonardo</span> <span class='ocrx_word' id='word_1_356' title='bbox 1526 4278 1659 4353; x_wconf 83' lang='lat' dir='ltr'>factam</span> <span class='ocrx_word' id='word_1_357' title='bbox 1676 4275 1867 4380; x_wconf 88' lang='lat' dir='ltr'>persolve·</span> 
     </span>
     <span class='ocr_line' id='line_1_37' title="bbox 178 4374 1867 4486; baseline 0 -28"><span class='ocrx_word' id='word_1_358' title='bbox 178 4409 271 4470; x_wconf 67' lang='lat' dir='ltr'>mum</span> <span class='ocrx_word' id='word_1_359' title='bbox 297 4379 393 4460; x_wconf 85' lang='lat' dir='ltr'>idem</span> <span class='ocrx_word' id='word_1_360' title='bbox 420 4381 595 4460; x_wconf 77' lang='lat' dir='ltr'>faciemus</span> <span class='ocrx_word' id='word_1_361' title='bbox 621 4379 669 4459; x_wconf 91' lang='lat' dir='ltr'>de</span> <span class='ocrx_word' id='word_1_362' title='bbox 696 4381 971 4478; x_wconf 55' lang='lat' dir='ltr'>Criniznub,</span> <span class='ocrx_word' id='word_1_363' title='bbox 995 4381 1037 4458; x_wconf 87' lang='lat' dir='ltr'>si.</span> <span class='ocrx_word' id='word_1_364' title='bbox 1068 4389 1165 4458; x_wconf 88' lang='lat' dir='ltr'>rater</span> <span class='ocrx_word' id='word_1_365' title='bbox 1187 4391 1312 4458; x_wconf 88' lang='lat' dir='ltr'>noster</span> <span class='ocrx_word' id='word_1_366' title='bbox 1336 4405 1404 4458; x_wconf 91' lang='lat' dir='ltr'>non</span> <span class='ocrx_word' id='word_1_367' title='bbox 1431 4374 1598 4458; x_wconf 80' lang='lat' dir='ltr'>fatebitur</span> <span class='ocrx_word' id='word_1_368' title='bbox 1614 4381 1717 4458; x_wconf 88' lang='lat' dir='ltr'>nobis</span> <span class='ocrx_word' id='word_1_369' title='bbox 1733 4405 1867 4486; x_wconf 90' lang='lat' dir='ltr'>prece-</span> 
     </span>
     <span class='ocr_line' id='line_1_38' title="bbox 179 4487 1859 4589; baseline 0.001 -27"><span class='ocrx_word' id='word_1_370' title='bbox 179 4487 279 4588; x_wconf 89' lang='lat' dir='ltr'>pisse</span> <span class='ocrx_word' id='word_1_371' title='bbox 297 4489 331 4564; x_wconf 89' lang='lat' dir='ltr'>iu</span> <span class='ocrx_word' id='word_1_372' title='bbox 349 4489 454 4564; x_wconf 91' lang='lat' dir='ltr'>bonis</span> <span class='ocrx_word' id='word_1_373' title='bbox 473 4487 635 4566; x_wconf 88' lang='lat' dir='ltr'>ecclesie</span> <span class='ocrx_word' id='word_1_374' title='bbox 653 4498 878 4589; x_wconf 90' lang='lat' dir='ltr'>pernectare.</span> <span class='ocrx_word' id='word_1_375' title='bbox 1854 4488 1859 4507; x_wconf 87' lang='lat'>&#39;</span> 
     </span>
    </p>
   </div>
   <div class='ocr_carea' id='block_1_3' title="bbox 223 4649 1867 4825">
    <p class='ocr_par' dir='ltr' id='par_1_10' title="bbox 223 4649 1867 4825">
     <span class='ocr_line' id='line_1_39' title="bbox 223 4649 1867 4825; baseline -0.001 -89"><span class='ocrx_word' id='word_1_376' title='bbox 223 4679 254 4757; x_wconf 84' lang='lat' dir='ltr'>l)</span> <span class='ocrx_word' id='word_1_377' title='bbox 283 4671 459 4825; x_wconf 70' lang='lat' dir='ltr'>Uustreitip</span> <span class='ocrx_word' id='word_1_378' title='bbox 486 4673 525 4738; x_wconf 82' lang='lat' dir='ltr'>iet</span> <span class='ocrx_word' id='word_1_379' title='bbox 550 4672 623 4737; x_wconf 88' lang='lat' dir='ltr'>hier</span> <span class='ocrx_word' id='word_1_380' title='bbox 646 4673 705 4737; x_wconf 84' lang='lat' dir='ltr'>das</span> <span class='ocrx_word' id='word_1_381' title='bbox 725 4661 915 4764; x_wconf 71' lang='lat' dir='ltr'>Augustiuer</span> <span class='ocrx_word' id='word_1_382' title='bbox 941 4670 1210 4738; x_wconf 69' lang='lat' dir='ltr'>atorhemennru</span> <span class='ocrx_word' id='word_1_383' title='bbox 1230 4673 1274 4736; x_wconf 50' lang='lat' dir='ltr'>vin</span> <span class='ocrx_word' id='word_1_384' title='bbox 1294 4649 1484 4765; x_wconf 80' lang='lat' dir='ltr'>Naumburg</span> <span class='ocrx_word' id='word_1_385' title='bbox 1511 4695 1562 4737; x_wconf 88' lang='lat' dir='ltr'>om</span> <span class='ocrx_word' id='word_1_386' title='bbox 1592 4653 1867 4762; x_wconf 76' lang='lat' dir='ltr'>Bobergemeirit,</span> 
     </span>
    </p>
   </div>
   <div class='ocr_carea' id='block_1_4' title="bbox 222 4755 1366 4932">
    <p class='ocr_par' dir='ltr' id='par_1_11' title="bbox 222 4755 1366 4932">
     <span class='ocr_line' id='line_1_40' title="bbox 282 4755 1032 4908; baseline -0.003 -84"><span class='ocrx_word' id='word_1_387' title='bbox 282 4757 417 4824; x_wconf 78' lang='lat' dir='ltr'>welches</span> <span class='ocrx_word' id='word_1_388' title='bbox 458 4757 523 4824; x_wconf 69' lang='lat'>⁹84</span> <span class='ocrx_word' id='word_1_389' title='bbox 544 4757 635 4858; x_wconf 45' lang='lat' dir='ltr'>nach·</span> <span class='ocrx_word' id='word_1_390' title='bbox 649 4760 754 4848; x_wconf 80' lang='lat' dir='ltr'>Sagen</span> <span class='ocrx_word' id='word_1_391' title='bbox 777 4755 895 4908; x_wconf 59' lang='lat' dir='ltr'>verlegt</span> <span class='ocrx_word' id='word_1_392' title='bbox 914 4758 1032 4822; x_wconf 85' lang='lat' dir='ltr'>wurde.</span> 
     </span>
     <span class='ocr_line' id='line_1_41' title="bbox 222 4839 1366 4932; baseline 0.003 -26"><span class='ocrx_word' id='word_1_393' title='bbox 222 4845 255 4928; x_wconf 73' lang='lat' dir='ltr'>l)</span> <span class='ocrx_word' id='word_1_394' title='bbox 283 4845 432 4924; x_wconf 85' lang='lat' dir='ltr'>Zwant,</span> <span class='ocrx_word' id='word_1_395' title='bbox 454 4845 579 4924; x_wconf 87' lang='lat' dir='ltr'>Swaut,</span> <span class='ocrx_word' id='word_1_396' title='bbox 600 4839 830 4924; x_wconf 84' lang='lat' dir='ltr'>Brsclrossdors,</span> <span class='ocrx_word' id='word_1_397' title='bbox 883 4841 951 4908; x_wconf 88' lang='grc' dir='ltr'>ΝΟ.</span> <span class='ocrx_word' id='word_1_398' title='bbox 980 4843 1012 4932; x_wconf 53' lang='grc' dir='ltr'><strong><em>Ἀ</em></strong></span> <span class='ocrx_word' id='word_1_399' title='bbox 1031 4841 1075 4907; x_wconf 90' lang='grc' dir='ltr'>Μ.</span> <span class='ocrx_word' id='word_1_400' title='bbox 1098 4865 1159 4908; x_wconf 82' lang='lat' dir='ltr'>von</span> <span class='ocrx_word' id='word_1_401' title='bbox 1181 4841 1366 4909; x_wconf 76' lang='lat' dir='ltr'>Neumarlrt.</span> 
     </span>
    </p>
   </div>
   <div class='ocr_carea' id='block_1_5' title="bbox 223 4923 1867 5181">
    <p class='ocr_par' dir='ltr' id='par_1_12' title="bbox 223 4923 1867 5181">
     <span class='ocr_line' id='line_1_42' title="bbox 223 4923 1867 5082; baseline -0.005 -91"><span class='ocrx_word' id='word_1_402' title='bbox 223 4934 254 5012; x_wconf 80' lang='lat'>³)</span> <span class='ocrx_word' id='word_1_403' title='bbox 283 4927 577 5082; x_wconf 53' lang='lat' dir='ltr'>Olp65rintsch,</span> <span class='ocrx_word' id='word_1_404' title='bbox 599 4928 691 4994; x_wconf 78' lang='lat'>080.</span> <span class='ocrx_word' id='word_1_405' title='bbox 713 4925 986 5003; x_wconf 78' lang='lat' dir='ltr'>vonNeomarlt?</span> <span class='ocrx_word' id='word_1_406' title='bbox 1005 4925 1138 4993; x_wconf 84' lang='lat' dir='ltr'>welches</span> <span class='ocrx_word' id='word_1_407' title='bbox 1153 4929 1342 5027; x_wconf 63' lang='lat' dir='ltr'>mdigetdme</span> <span class='ocrx_word' id='word_1_408' title='bbox 1360 4925 1461 4994; x_wconf 88' lang='lat' dir='ltr'>sobeu</span> <span class='ocrx_word' id='word_1_409' title='bbox 1476 4925 1649 5036; x_wconf 64' lang='lat' dir='ltr'>lbdbdm</span> <span class='ocrx_word' id='word_1_410' title='bbox 1661 4923 1867 5027; x_wconf 52' lang='lat' dir='ltr'>Dedebapltel</span> 
     </span>
     <span class='ocr_line' id='line_1_43' title="bbox 282 5021 1825 5106; baseline -0.027 0"><span class='ocrx_word' id='word_1_411' title='bbox 282 5037 321 5106; x_wconf 68' lang='lat' dir='ltr'>ge</span> <span class='ocrx_word' id='word_1_412' title='bbox 398 5039 424 5081; x_wconf 65' lang='lat' dir='ltr'>e·</span> <span class='ocrx_word' id='word_1_413' title='bbox 1265 5061 1268 5070; x_wconf 86' lang='lat'>.</span> <span class='ocrx_word' id='word_1_414' title='bbox 1337 5041 1342 5065; x_wconf 85' lang='lat'><strong>¹</strong></span> <span class='ocrx_word' id='word_1_415' title='bbox 1389 5036 1418 5055; x_wconf 83' lang='lat'>¹·</span> <span class='ocrx_word' id='word_1_416' title='bbox 1541 5039 1554 5057; x_wconf 82' lang='lat'>¹·</span> <span class='ocrx_word' id='word_1_417' title='bbox 1596 5035 1672 5067; x_wconf 75' lang='lat' dir='ltr'>r&#39;··1&#39;=</span> <span class='ocrx_word' id='word_1_418' title='bbox 1710 5040 1716 5064; x_wconf 76' lang='lat' dir='ltr'>r</span> <span class='ocrx_word' id='word_1_419' title='bbox 1758 5021 1825 5070; x_wconf 70' lang='grc' dir='ltr'>ἰζ’</span> 
     </span>
     <span class='ocr_line' id='line_1_44' title="bbox 1590 5112 1612 5181; baseline 0 0"><span class='ocrx_word' id='word_1_420' title='bbox 1590 5112 1612 5181; x_wconf 80' lang='grc'>3</span> 
     </span>
    </p>
   </div>
   <div class='ocr_carea' id='block_1_6' title="bbox 0 0 2269 5764">
    <p class='ocr_par' dir='ltr' id='par_1_13' title="bbox 0 0 2269 5764">
     <span class='ocr_line' id='line_1_45' title="bbox 0 0 2269 5764; baseline 0 0"><span class='ocrx_word' id='word_1_421' title='bbox 0 0 2269 5764; x_wconf 95' lang='lat' dir='ltr'> </span> 
     </span>
    </p>
   </div>
  </div>
 </body>
</html>
