4552 5786
402 509 482 590 m
951 511 1161 586 Urhardm
1217 511 1350 586 Μ.
1380 451 1539 588 OE'XI.

403 715 604 800 Goadvtor
625 713 700 792 rud
725 737 901 816 ganeruo
918 711 1064 818 Capitol
1089 713 1161 794 des
1185 714 1304 794 bobeu
1321 715 1441 794 Stiffts
1458 713 1576 794 saund
1591 716 1758 796 hiems
1774 713 1821 792 m
1838 718 2087 811 ltresslavr,

403 824 557 914 flamm,
583 819 842 912 llitterscbullt,
870 815 1007 894 daran
1033 817 1100 898 der
1125 820 1233 897 State
1258 819 1507 916 Bresslavv,
1533 820 1803 922 vaeydnitu
1829 835 1902 899 etc.
1926 819 2001 898 vnd
2027 824 2090 900 ln-

404 923 576 1006 vronne'm
609 921 676 1000 der
706 921 1037 1016 Furstentbnmern,
1088 947 1223 1001 vnnser
1260 924 1425 1002 furstlich
1457 927 1663 1026 angebornn
1703 917 1777 1000 vnd
1815 927 2090 1025 gebravvcbliolr

407 1029 545 1134 lisigel
578 1027 830 1104 wisseuutlicb
862 1051 909 1102 an
941 1023 1046 1104 dison
1078 1028 1268 1128 Verbagk
1297 1053 1365 1104 vor
1401 1053 1488 1122 vus,
1527 1053 1663 1106 vnnser
1693 1030 1988 1130 Neokomelinge
2018 1029 2092 1106 vutl

404 1133 530 1212 ltlrbou
560 1131 727 1231 benogen
752 1131 890 1207 lassen.
943 1131 1121 1232 Gegeban
1147 1157 1194 1208 zu
1219 1133 1483 1225 Bresnlavv,
1510 1158 1568 1209 am
1592 1131 1816 1210 Sonuabsnd
1842 1135 1935 1211 nacb
1961 1133 2092 1211 nurm-

408 1236 569 1318 oaolonis
594 1235 724 1327 blarie,
750 1234 846 1312 nach
872 1231 1009 1314 Christi
1027 1235 1176 1330 Gebum,
1203 1234 1587 1314 lnnffnebenbunndert
1610 1235 1684 1314 rod
1708 1239 1754 1314 im
1778 1236 1943 1316 vierdtau
1965 1239 2090 1318 Jaron.

1047 1487 1450 1500 ffl--u--m

1142 1662 1342 1753 ΟΟΟΧΙ.

541 1853 731 1928 wart,
753 1853 846 1930 ibris
866 1867 923 1916 ιιι
943 1854 1058 1930 ungam
1079 1857 1137 1916 ut
1158 1855 1297 1930 itiner,
1318 1854 1466 1932 murt
1487 1856 1543 1918 tra
1563 1854 1800 1920 turmarum
1820 1856 1952 1932 bertran.

441 2010 500 2060 Ana
518 2009 576 2059 den
594 2007 725 2074 origlnde
742 2009 775 2057 im
793 2007 910 2057 Areblva
928 2007 975 2056 dat
992 2007 1175 2070 Domcapitelr.
1203 2007 1236 2058 D.
1253 2002 1279 2057 3.
1318 2007 1373 2056 nar
1390 2021 1483 2074 grum
1500 2007 1649 2074 kbnlgttrbo
1667 2009 1769 2076 megel,
1787 2011 1875 2060 rotber
1893 2009 1995 2060 Warbs
2013 2010 2060 2058 tat

789 2094 912 2144 warren
929 2093 1059 2158 wnmne,
1077 2094 1159 2160 btngt
1175 2096 1333 2146 sarbroebou
1351 2107 1384 2144 ιι
1401 2091 1712 2161 remunerandum).

511 2226 822 2321 wladislaus,
867 2225 903 2303 d.
944 2252 997 2328 gr.
1038 2227 1287 2328 Hungarie,
1336 2229 1539 2323 Boemie,
1590 2229 1840 2322 Dalmatis,
1884 2226 2089 2322 croatie,

408 2333 560 2428 llame,
599 2332 779 2424 Seruie,
819 2330 1029 2426 Gallitie,
1075 2330 1348 2426 hodomiric,
1395 2330 1625 2426 Cumanie,
1670 2333 1975 2434 Rul'garicque
2013 2357 2090 2424 rex,

407 2439 565 2516 marchio
592 2436 814 2527 Morauie,
842 2433 918 2510 dux
943 2433 1099 2514 Slesic
1125 2448 1164 2513 et
1188 2437 1600 2536 Lucemburgensis
1626 2461 1673 2514 ac
1698 2437 1856 2515 marchio
1882 2437 2090 2530 Lusatie,

408 2541 459 2620 ad
483 2551 691 2646 perpetuam
715 2541 770 2616 rei
794 2539 993 2616 memoriam
1019 2551 1137 2616 notum
1170 2540 1323 2618 iacimus
1347 2551 1472 2617 tenore
1496 2541 1715 2644 presentium
1746 2541 1925 2618 universis
1953 2552 1991 2617 et
2014 2541 2089 2616 sin-

408 2645 515 2746 gulis,
543 2643 592 2722 ad
618 2669 708 2744 qnos
733 2655 925 2746 presentes
951 2654 1073 2722 nostre
1098 2643 1221 2722 littere
1242 2645 1481 2747 pervenerint,
1508 2642 1603 2746 quod
1621 2671 1724 2744 quum
1749 2645 1991 2767 superioribus
2008 2641 2088 2722 die·

407 2751 477 2826 bus
502 2773 638 2850 graves
672 2745 824 2848 quedam
850 2745 1050 2826 dillereutie
1076 2759 1114 2826 et
1140 2748 1385 2828 controversie
1417 2749 1509 2826 iuter
1538 2747 1699 2826 illustres
1726 2749 1907 2852 principes
1933 2746 2086 2825 slesie
2227 2775 2232 2790 ·

408 2853 695 2953 nobilitatemque
729 2863 766 2928 et
796 2852 963 2929 civitates
995 2876 1047 2928 ex
1076 2877 1148 2928 una
1180 2865 1217 2930 et
1246 2847 1582 2930 reverendissimum
1613 2854 1843 2946 loannem,
1883 2851 2087 2954 eiscopum

361 3037 368 3046 ,
409 2957 828 3035 Vratislauienscm
860 2955 1121 3058 capitulumque
1152 2955 1267 3059 ipsius
1293 2966 1395 3058 parte
1422 2980 1472 3032 ex
1498 2956 1631 3060 altera,
1666 2953 1830 3032 subditos
1862 2879 1990 3034 fidum
2019 2980 2088 3032 uo-

409 3071 508 3140 stros
532 3059 688 3138 dilectos
715 3061 838 3136 oberte
863 3059 1020 3137 finissent
1043 3059 1234 3160 longisque
1259 3085 1306 3138 ac
1333 3057 1505 3136 diutumis
1531 3059 1814 3138 contentionibus
1839 3060 1875 3134 in
1901 3064 2017 3161 majus
2043 3083 2088 3136 ac

409 3163 565 3244 validius
597 3163 789 3242 discrimen
821 3187 868 3240 ac
899 3163 1081 3264 utriusque
1113 3175 1231 3240 status
1264 3165 1459 3266 periculum
1492 3161 1663 3262 quottidie
1693 3164 1980 3256 invalescerent,
2024 3187 2089 3240 nos

410 3267 628 3348 subditorum
657 3278 854 3344 nostrorum
881 3267 1000 3367 quieti,
1024 3265 1109 3368 paci
1134 3291 1181 3346 ac
1208 3267 1449 3368 tranquillitati
1475 3267 1657 3367 utriusque
1684 3269 1795 3368 partis
1813 3267 2006 3344 consulere
2023 3292 2089 3343 vo-

359 3389 363 3394 ·
409 3373 541 3467 lentes,
566 3383 735 3474 preterea
758 3370 875 3463 malis,
902 3395 972 3470 que
997 3367 1082 3448 inde
1108 3394 1295 3470 emergere
1320 3382 1481 3474 possent,
1507 3371 1722 3473 tempestive
1745 3396 1791 3449 ao
1809 3371 2000 3448 salubriter
2024 3371 2090 3446 ob·

409 3478 707 3574 viarecurautes
733 3486 840 3575 utque
865 3474 1061 3654 pernitiose
1086 3473 1290 3574 hujusmodi
1315 3475 1494 3553 factiones
1521 3475 1774 3578 consopiantur
1796 3477 1883 3551 etin
1935 3475 2090 3550 mstinam

410 3581 572 3660 monem
597 3589 705 3680 atque
731 3603 864 3656 concur
890 3577 958 3654 ‘am
985 3603 1053 3678 que
1085 3579 1179 3654 iuter
1201 3577 1365 3680 prefatos
1399 3590 1517 3654 status
1542 3577 1608 3654 fnit
1632 3579 1667 3654 in
1693 3578 1844 3654 futurum
1868 3502 2021 3655 redeant
2045 3601 2089 3654 ac

410 3681 638 3776 reducantur,
664 3683 802 3760 nomine
828 3694 865 3760 et
889 3681 973 3762 vice
999 3690 1122 3758 nostra
1145 3681 1417 3758 illustrissimum
1438 3681 1633 3784 principem
1650 3680 1825 3758 dominum
1843 3681 2088 3782 Sigiamum

411 3785 527 3880 dum,
560 3785 787 3886 Glogouie
813 3811 859 3864 ao
886 3783 1092 3888 Oppauie
1125 3797 1197 3864 etc.
1232 3783 1377 3878 ducem,
1416 3809 1619 3885 germanum
1651 3799 1807 3863 nostrum
1846 3785 2087 3862 charissimum

319 3929 344 3996 Ι·
411 3915 459 3970 ac
490 3891 662 3968 illustrem
692 3889 886 3992 principem
911 3889 1214 3993 Kazymirum‚
1248 3886 1376 3968 ducem
1402 3890 1714 3968 Tessnensem
1747 3890 2010 3992 superiorisque
2039 3913 2085 3963 ac

410 3994 589 4073 inferioris
607 3991 763 4072 Slesie
781 3994 1005 4097 capitaneum
1023 3995 1315 4094 nngnificumque
1332 3993 1562 4070 Albert'um
1579 3992 1626 4070 de
1645 3991 1876 4072 Colovvrat
1894 4004 1930 4070 et
1947 3991 2086 4093 Lybs-

412 4099 553 4194 stein,
581 4123 804 4200 supremum
830 4097 1083 4176 cancellarium
1104 4099 1208 4200 regni
1224 4098 1335 4174 nostri
1351 4098 1551 4190 Boemie,
1577 4095 1709 4176 fideles
1735 4098 1878 4176 sincere
1902 4095 2005 4172 nobis
2031 4091 2087 4170 di·

410 4203 544 4295 lcctos,
563 4205 606 4304 ju
634 4199 714 4279 ’ces
741 4213 779 4280 et
803 4201 955 4278 arbitros
980 4201 1072 4278 inter
1096 4201 1260 4304 prelatas
1286 4213 1512 4304 partescum
1539 4201 1702 4304 plenaria
1723 4211 1906 4302 potestate
1932 4199 2086 4276 uomina-

410 4308 537 4400 vimus,
564 4305 809 4384 constituimus
833 4331 880 4383 ac
893 4302 1155 4408 deputavimus,
1181 4305 1240 4406 qui
1260 4306 1421 4407 partibus
1438 4303 1619 4384 hincinde
1636 4302 1769 4382 auditis
1787 4317 1984 4406 opportuna
2000 4328 2085 4403 que-

413 4407 495 4488 dam
519 4409 625 4512 pacis
649 4407 770 4486 media
792 4409 973 4486 inveniant
998 4434 1114 4510 eaque
1138 4409 1231 4487 iuter
1255 4421 1379 4510 partes
1408 4411 1698 4511 pronunctiautes
1724 4409 1862 4510 absque
1888 4409 1979 4485 omui
2006 4431 2085 4509 pro-

413 4515 604 4592 vocatione
627 4512 771 4590 tirmiter
796 4505 1086 4592 ac'inconcosse
1111 4513 1296 4616 perpetuis
1313 4515 1529 4616 temporibus
1547 4511 1716 4589 duratrua
1733 4509 1942 4590 decernant.
1977 4509 2085 4602 Quum

408 4614 520 4716 ¹igitur
544 4641 700 4720 operosa
722 4617 939 4720 prefatorum
965 4617 1283 4696 commissariorum
1313 4630 1509 4696 nostrorum
1535 4643 1622 4695 cura
1648 4627 1756 4718 atque
1783 4615 1968 4717 Qentia
1999 4616 2087 4692 inter

460 4889 493 4969 1)
518 4887 690 4956 menum
716 4889 886 4983 geuualt,
915 4911 940 4956 s.
963 4885 1111 4956 uuna
1132 4885 1244 4955 suem
1270 4887 1475 4980 diplomatica
1496 4883 1521 4951 1.
1548 4841 1653 4979 pfrs.
1718 4889 1795 4954 niu¹
1821 4885 1976 4954 monem
2001 4885 2083 4951 aare

520 4973 663 5069 mauge
683 4975 839 5043 numa
860 4986 965 5042 amm
984 4995 1040 5042 aur
1060 4973 1135 5042 uem
1156 4971 1328 5066 osgnna
