<?xml version="1.0" encoding="UTF-8"?>
<!DOCTYPE html PUBLIC "-//W3C//DTD XHTML 1.0 Transitional//EN"
    "http://www.w3.org/TR/xhtml1/DTD/xhtml1-transitional.dtd">
<html xmlns="http://www.w3.org/1999/xhtml" xml:lang="en" lang="en">
 <head>
  <title>
</title>
<meta http-equiv="Content-Type" content="text/html;charset=utf-8" />
  <meta name='ocr-system' content='tesseract 3.04.00' />
  <meta name='ocr-capabilities' content='ocr_page ocr_carea ocr_par ocr_line ocrx_word'/>
</head>
<body>
  <div class='ocr_page' id='page_1' title='image "./urkundenzurgesc00stengoog_0403.png"; bbox 0 0 4594 5774; ppageno 0'>
   <div class='ocr_carea' id='block_1_1' title="bbox 1013 507 1510 584">
    <p class='ocr_par' dir='ltr' id='par_1_1' title="bbox 1013 507 1510 584">
     <span class='ocr_line' id='line_1_1' title="bbox 1013 507 1510 584; baseline -0.008 0"><span class='ocrx_word' id='word_1_1' title='bbox 1013 509 1223 584; x_wconf 81' lang='lat' dir='ltr'><strong>Uritaoden.</strong></span> <span class='ocrx_word' id='word_1_2' title='bbox 1280 507 1510 584; x_wconf 17' lang='lat' dir='ltr'><strong>oenaexxlr.</strong></span> 
     </span>
    </p>
   </div>
   <div class='ocr_carea' id='block_1_2' title="bbox 1130 841 1400 933">
    <p class='ocr_par' dir='ltr' id='par_1_2' title="bbox 1130 841 1400 933">
     <span class='ocr_line' id='line_1_2' title="bbox 1130 841 1400 933; baseline -0.022 0"><span class='ocrx_word' id='word_1_3' title='bbox 1130 841 1400 933; x_wconf 73' lang='lat' dir='ltr'><strong>eenxxn.</strong></span> 
     </span>
    </p>
   </div>
   <div class='ocr_carea' id='block_1_3' title="bbox 436 1050 2092 1230">
    <p class='ocr_par' dir='ltr' id='par_1_3' title="bbox 436 1050 2092 1230">
     <span class='ocr_line' id='line_1_3' title="bbox 436 1050 2092 1128; baseline -0.004 -12"><span class='ocrx_word' id='word_1_4' title='bbox 436 1056 488 1117; x_wconf 77' lang='lat' dir='ltr'><strong>bia</strong></span> <span class='ocrx_word' id='word_1_5' title='bbox 509 1055 592 1117; x_wconf 67' lang='lat' dir='ltr'><strong>stadt</strong></span> <span class='ocrx_word' id='word_1_6' title='bbox 613 1055 753 1116; x_wconf 66' lang='lat' dir='ltr'><strong>eroum</strong></span> <span class='ocrx_word' id='word_1_7' title='bbox 774 1055 893 1128; x_wconf 70' lang='lat' dir='ltr'><strong>holttgt</strong></span> <span class='ocrx_word' id='word_1_8' title='bbox 914 1053 967 1114; x_wconf 79' lang='lat' dir='ltr'><strong>aut</strong></span> <span class='ocrx_word' id='word_1_9' title='bbox 986 1052 1089 1113; x_wconf 73' lang='lat' dir='ltr'><strong>Bateni</strong></span> <span class='ocrx_word' id='word_1_10' title='bbox 1110 1051 1191 1112; x_wconf 77' lang='lat' dir='ltr'><strong>thret</strong></span> <span class='ocrx_word' id='word_1_11' title='bbox 1213 1052 1339 1127; x_wconf 66' lang='lat' dir='ltr'><strong>liemaro</strong></span> <span class='ocrx_word' id='word_1_12' title='bbox 1362 1053 1427 1114; x_wconf 80' lang='lat' dir='ltr'><strong>don</strong></span> <span class='ocrx_word' id='word_1_13' title='bbox 1448 1051 1602 1113; x_wconf 71' lang='lat' dir='ltr'><strong>Brorltror</strong></span> <span class='ocrx_word' id='word_1_14' title='bbox 1623 1050 1811 1128; x_wconf 66' lang='lat' dir='ltr'><strong>bonomttd.</strong></span> <span class='ocrx_word' id='word_1_15' title='bbox 1835 1063 1872 1111; x_wconf 81' lang='lat' dir='ltr'>u</span> <span class='ocrx_word' id='word_1_16' title='bbox 1893 1051 1947 1110; x_wconf 79' lang='lat' dir='ltr'><strong>du</strong></span> <span class='ocrx_word' id='word_1_17' title='bbox 1969 1051 2015 1111; x_wconf 81' lang='lat' dir='ltr'><strong>rto</strong></span> <span class='ocrx_word' id='word_1_18' title='bbox 2037 1050 2092 1111; x_wconf 66' lang='lat' dir='ltr'><strong>nt</strong></span> 
     </span>
     <span class='ocr_line' id='line_1_4' title="bbox 825 1153 1702 1230; baseline -0.003 -14"><span class='ocrx_word' id='word_1_19' title='bbox 825 1157 890 1216; x_wconf 80' lang='lat' dir='ltr'><strong>ton</strong></span> <span class='ocrx_word' id='word_1_20' title='bbox 911 1169 948 1215; x_wconf 82' lang='lat' dir='ltr'><strong>ro</strong></span> <span class='ocrx_word' id='word_1_21' title='bbox 969 1155 1018 1215; x_wconf 78' lang='lat' dir='ltr'><strong>thr</strong></span> <span class='ocrx_word' id='word_1_22' title='bbox 1040 1155 1200 1230; x_wconf 67' lang='lat' dir='ltr'><strong>gratnm</strong></span> <span class='ocrx_word' id='word_1_23' title='bbox 1221 1156 1362 1216; x_wconf 71' lang='lat' dir='ltr'><strong>ornamur</strong></span> <span class='ocrx_word' id='word_1_24' title='bbox 1384 1153 1558 1230; x_wconf 66' lang='lat' dir='ltr'><strong>remandet</strong></span> <span class='ocrx_word' id='word_1_25' title='bbox 1577 1155 1702 1216; x_wconf 70' lang='lat' dir='ltr'><strong>vorm</strong></span> 
     </span>
    </p>
   </div>
   <div class='ocr_carea' id='block_1_4' title="bbox 419 1269 2112 1460">
    <p class='ocr_par' dir='ltr' id='par_1_4' title="bbox 419 1269 2112 1460">
     <span class='ocr_line' id='line_1_5' title="bbox 419 1269 2112 1372; baseline -0.004 -14"><span class='ocrx_word' id='word_1_26' title='bbox 419 1310 476 1358; x_wconf 78' lang='lat' dir='ltr'><strong>Ans</strong></span> <span class='ocrx_word' id='word_1_27' title='bbox 495 1309 553 1358; x_wconf 83' lang='lat' dir='ltr'><strong>dem</strong></span> <span class='ocrx_word' id='word_1_28' title='bbox 571 1307 703 1372; x_wconf 69' lang='lat' dir='ltr'><strong>origines</strong></span> <span class='ocrx_word' id='word_1_29' title='bbox 721 1309 755 1356; x_wconf 84' lang='lat' dir='ltr'><strong>im</strong></span> <span class='ocrx_word' id='word_1_30' title='bbox 773 1307 889 1356; x_wconf 66' lang='lat' dir='ltr'><strong>archiva</strong></span> <span class='ocrx_word' id='word_1_31' title='bbox 908 1307 954 1355; x_wconf 81' lang='lat' dir='ltr'><strong>des</strong></span> <span class='ocrx_word' id='word_1_32' title='bbox 973 1306 1148 1368; x_wconf 80' lang='lat' dir='ltr'><strong>Domcapttols</strong></span> <span class='ocrx_word' id='word_1_33' title='bbox 1168 1307 1223 1355; x_wconf 79' lang='lat' dir='ltr'><strong>BD.</strong></span> <span class='ocrx_word' id='word_1_34' title='bbox 1241 1299 1284 1356; x_wconf 81' lang='lat'><strong>³1.</strong></span> <span class='ocrx_word' id='word_1_35' title='bbox 1323 1307 1377 1354; x_wconf 77' lang='lat' dir='ltr'><strong>Dra</strong></span> <span class='ocrx_word' id='word_1_36' title='bbox 1397 1305 1486 1370; x_wconf 73' lang='lat' dir='ltr'><strong>stege!</strong></span> <span class='ocrx_word' id='word_1_37' title='bbox 1505 1305 1552 1354; x_wconf 81' lang='lat' dir='ltr'><strong>der</strong></span> <span class='ocrx_word' id='word_1_38' title='bbox 1570 1303 1644 1353; x_wconf 78' lang='lat' dir='ltr'><strong>stadt</strong></span> <span class='ocrx_word' id='word_1_39' title='bbox 1662 1303 1789 1354; x_wconf 76' lang='lat' dir='ltr'><strong>Grottlrtu</strong></span> <span class='ocrx_word' id='word_1_40' title='bbox 1806 1315 1859 1351; x_wconf 86' lang='lat' dir='ltr'><strong>von</strong></span> <span class='ocrx_word' id='word_1_41' title='bbox 1877 1303 1979 1368; x_wconf 76' lang='lat' dir='ltr'><strong>gethem</strong></span> <span class='ocrx_word' id='word_1_42' title='bbox 1998 1269 2112 1352; x_wconf 70' lang='lat' dir='ltr'><strong>worm·</strong></span> 
     </span>
     <span class='ocr_line' id='line_1_6' title="bbox 582 1383 1947 1460; baseline -0.003 -18"><span class='ocrx_word' id='word_1_43' title='bbox 582 1395 664 1460; x_wconf 73' lang='lat' dir='ltr'><strong>btrrgt</strong></span> <span class='ocrx_word' id='word_1_44' title='bbox 681 1407 715 1442; x_wconf 79' lang='lat' dir='ltr'><strong>an</strong></span> <span class='ocrx_word' id='word_1_45' title='bbox 733 1393 1016 1459; x_wconf 76' lang='lat' dir='ltr'><strong>Pergamentstreiien,</strong></span> <span class='ocrx_word' id='word_1_46' title='bbox 1033 1393 1079 1440; x_wconf 83' lang='lat' dir='ltr'><strong>mit</strong></span> <span class='ocrx_word' id='word_1_47' title='bbox 1096 1392 1142 1440; x_wconf 82' lang='lat' dir='ltr'><strong>der</strong></span> <span class='ocrx_word' id='word_1_48' title='bbox 1160 1391 1315 1440; x_wconf 70' lang='lat' dir='ltr'><strong>omnemne</strong></span> <span class='ocrx_word' id='word_1_49' title='bbox 1340 1389 1510 1442; x_wconf 76' lang='lat' dir='ltr'><strong>eranvrr</strong></span> <span class='ocrx_word' id='word_1_50' title='bbox 1529 1388 1658 1441; x_wconf 78' lang='lat' dir='ltr'><strong>GiUlVM</strong></span> <span class='ocrx_word' id='word_1_51' title='bbox 1674 1389 1713 1440; x_wconf 75' lang='lat' dir='ltr'><strong>IN</strong></span> <span class='ocrx_word' id='word_1_52' title='bbox 1731 1383 1947 1439; x_wconf 73' lang='lat' dir='ltr'><strong>esorflxoW.</strong></span> 
     </span>
    </p>
   </div>
   <div class='ocr_carea' id='block_1_5' title="bbox 419 1523 2113 1928">
    <p class='ocr_par' dir='ltr' id='par_1_5' title="bbox 419 1523 2113 1928">
     <span class='ocr_line' id='line_1_7' title="bbox 522 1523 2110 1626; baseline -0.002 -27"><span class='ocrx_word' id='word_1_53' title='bbox 522 1523 563 1600; x_wconf 90' lang='lat' dir='ltr'><strong>ln</strong></span> <span class='ocrx_word' id='word_1_54' title='bbox 581 1527 719 1602; x_wconf 92' lang='lat' dir='ltr'><strong>nomine</strong></span> <span class='ocrx_word' id='word_1_55' title='bbox 740 1523 869 1600; x_wconf 89' lang='lat' dir='ltr'><strong>domini</strong></span> <span class='ocrx_word' id='word_1_56' title='bbox 887 1550 1002 1600; x_wconf 88' lang='lat' dir='ltr'><strong>amen.</strong></span> <span class='ocrx_word' id='word_1_57' title='bbox 1046 1525 1226 1600; x_wconf 86' lang='lat' dir='ltr'><strong>Noveriut</strong></span> <span class='ocrx_word' id='word_1_58' title='bbox 1250 1525 1409 1601; x_wconf 84' lang='lat' dir='ltr'><strong>universi</strong></span> <span class='ocrx_word' id='word_1_59' title='bbox 1436 1536 1474 1601; x_wconf 89' lang='lat' dir='ltr'><strong>et</strong></span> <span class='ocrx_word' id='word_1_60' title='bbox 1498 1524 1641 1624; x_wconf 83' lang='lat' dir='ltr'>singuli,</span> <span class='ocrx_word' id='word_1_61' title='bbox 1672 1535 1866 1626; x_wconf 76' lang='lat' dir='ltr'><strong>presentes</strong></span> <span class='ocrx_word' id='word_1_62' title='bbox 1892 1523 2032 1598; x_wconf 86' lang='lat' dir='ltr'><strong>litteras</strong></span> <span class='ocrx_word' id='word_1_63' title='bbox 2057 1523 2110 1596; x_wconf 90' lang='lat' dir='ltr'><strong>iu·</strong></span> 
     </span>
     <span class='ocr_line' id='line_1_8' title="bbox 419 1625 2111 1730; baseline -0.002 -26"><span class='ocrx_word' id='word_1_64' title='bbox 419 1629 590 1730; x_wconf 87' lang='lat' dir='ltr'><strong>speeturi,</strong></span> <span class='ocrx_word' id='word_1_65' title='bbox 618 1627 714 1729; x_wconf 92' lang='lat' dir='ltr'><strong>quod</strong></span> <span class='ocrx_word' id='word_1_66' title='bbox 741 1653 807 1702; x_wconf 89' lang='lat' dir='ltr'><strong>nos</strong></span> <span class='ocrx_word' id='word_1_67' title='bbox 825 1629 1014 1728; x_wconf 89' lang='lat' dir='ltr'><strong>Heyuco</strong></span> <span class='ocrx_word' id='word_1_68' title='bbox 1040 1625 1293 1720; x_wconf 88' lang='lat' dir='ltr'><strong>hereditarius,</strong></span> <span class='ocrx_word' id='word_1_69' title='bbox 1320 1639 1358 1704; x_wconf 89' lang='lat' dir='ltr'><strong>et</strong></span> <span class='ocrx_word' id='word_1_70' title='bbox 1374 1628 1600 1704; x_wconf 89' lang='lat' dir='ltr'><strong>Nicolaus</strong></span> <span class='ocrx_word' id='word_1_71' title='bbox 1619 1625 1740 1704; x_wconf 80' lang='lat' dir='ltr'><strong>dicus</strong></span> <span class='ocrx_word' id='word_1_72' title='bbox 1758 1625 2013 1727; x_wconf 88' lang='lat' dir='ltr'><strong>Dorphman</strong></span> <span class='ocrx_word' id='word_1_73' title='bbox 2029 1651 2111 1728; x_wconf 92' lang='lat' dir='ltr'><strong>pro-</strong></span> 
     </span>
     <span class='ocr_line' id='line_1_9' title="bbox 419 1729 2112 1833; baseline -0.001 -27"><span class='ocrx_word' id='word_1_74' title='bbox 419 1731 585 1810; x_wconf 87' lang='lat' dir='ltr'><strong>vincialis</strong></span> <span class='ocrx_word' id='word_1_75' title='bbox 612 1731 801 1823; x_wconf 87' lang='lat' dir='ltr'><strong>advocati,</strong></span> <span class='ocrx_word' id='word_1_76' title='bbox 835 1732 1067 1808; x_wconf 89' lang='lat' dir='ltr'><strong>Heuricus</strong></span> <span class='ocrx_word' id='word_1_77' title='bbox 1093 1729 1142 1808; x_wconf 93' lang='lat' dir='ltr'><strong>de</strong></span> <span class='ocrx_word' id='word_1_78' title='bbox 1168 1729 1571 1833; x_wconf 83' lang='lat' dir='ltr'><strong>Woyslaindorpb</strong></span> <span class='ocrx_word' id='word_1_79' title='bbox 1586 1731 1761 1830; x_wconf 83' lang='lat' dir='ltr'><strong>magister</strong></span> <span class='ocrx_word' id='word_1_80' title='bbox 1787 1730 1915 1814; x_wconf 86' lang='lat' dir='ltr'><strong>civium</strong></span> <span class='ocrx_word' id='word_1_81' title='bbox 1942 1755 2008 1805; x_wconf 90' lang='lat' dir='ltr'><strong>scu</strong></span> <span class='ocrx_word' id='word_1_82' title='bbox 2036 1729 2112 1830; x_wconf 90' lang='lat' dir='ltr'><strong>opi-</strong></span> 
     </span>
     <span class='ocr_line' id='line_1_10' title="bbox 419 1830 2113 1928; baseline -0.002 -18"><span class='ocrx_word' id='word_1_83' title='bbox 419 1833 609 1928; x_wconf 76' lang='lat' dir='ltr'>danorum,</span> <span class='ocrx_word' id='word_1_84' title='bbox 654 1833 891 1913; x_wconf 88' lang='lat' dir='ltr'><strong>Conrodus</strong></span> <span class='ocrx_word' id='word_1_85' title='bbox 927 1833 974 1911; x_wconf 91' lang='lat' dir='ltr'><strong>dc</strong></span> <span class='ocrx_word' id='word_1_86' title='bbox 1011 1833 1340 1926; x_wconf 84' lang='lat' dir='ltr'><strong>Vredewaide,</strong></span> <span class='ocrx_word' id='word_1_87' title='bbox 1382 1835 1618 1911; x_wconf 87' lang='lat' dir='ltr'><strong>Johannes</strong></span> <span class='ocrx_word' id='word_1_88' title='bbox 1657 1830 1777 1910; x_wconf 86' lang='lat' dir='ltr'><strong>dictus</strong></span> <span class='ocrx_word' id='word_1_89' title='bbox 1814 1833 2039 1910; x_wconf 89' lang='lat' dir='ltr'><strong>Notarius</strong></span> <span class='ocrx_word' id='word_1_90' title='bbox 2077 1843 2113 1908; x_wconf 87' lang='lat' dir='ltr'><strong>et</strong></span> 
     </span>
    </p>
   </div>
   <div class='ocr_carea' id='block_1_6' title="bbox 305 1937 2111 2042">
    <p class='ocr_par' dir='ltr' id='par_1_6' title="bbox 305 1937 2111 2042">
     <span class='ocr_line' id='line_1_11' title="bbox 305 1937 2111 2042; baseline -0.004 -27"><span class='ocrx_word' id='word_1_91' title='bbox 305 1952 309 1957; x_wconf 82' lang='grc'><strong>’</strong></span> <span class='ocrx_word' id='word_1_92' title='bbox 419 1939 604 2042; x_wconf 84' lang='lat' dir='ltr'><strong>Heynoo</strong></span> <span class='ocrx_word' id='word_1_93' title='bbox 638 1937 686 2015; x_wconf 90' lang='lat' dir='ltr'><strong>de</strong></span> <span class='ocrx_word' id='word_1_94' title='bbox 719 1937 992 2014; x_wconf 86' lang='lat' dir='ltr'><strong>Mediauilla</strong></span> <span class='ocrx_word' id='word_1_95' title='bbox 1024 1938 1118 2013; x_wconf 88' lang='lat' dir='ltr'><strong>alias</strong></span> <span class='ocrx_word' id='word_1_96' title='bbox 1153 1937 1201 2014; x_wconf 92' lang='lat' dir='ltr'><strong>de</strong></span> <span class='ocrx_word' id='word_1_97' title='bbox 1228 1937 1554 2040; x_wconf 84' lang='lat' dir='ltr'><strong>Helbeudorph</strong></span> <span class='ocrx_word' id='word_1_98' title='bbox 1587 1938 1759 2015; x_wconf 89' lang='lat' dir='ltr'><strong>consules</strong></span> <span class='ocrx_word' id='word_1_99' title='bbox 1788 1992 1797 2011; x_wconf 91' lang='lat'><strong>.</strong></span> <span class='ocrx_word' id='word_1_100' title='bbox 1826 1993 1835 2010; x_wconf 92' lang='lat'><strong>.</strong></span> <span class='ocrx_word' id='word_1_101' title='bbox 1865 1937 1977 2036; x_wconf 90' lang='lat' dir='ltr'><strong>jurati</strong></span> <span class='ocrx_word' id='word_1_102' title='bbox 2005 1947 2042 2012; x_wconf 86' lang='lat' dir='ltr'><strong>et</strong></span> <span class='ocrx_word' id='word_1_103' title='bbox 2066 1990 2111 2008; x_wconf 76' lang='lat'><strong>.,</strong></span> 
     </span>
    </p>
   </div>
   <div class='ocr_carea' id='block_1_7' title="bbox 419 2038 2115 2530">
    <p class='ocr_par' dir='ltr' id='par_1_7' title="bbox 419 2038 2115 2530">
     <span class='ocr_line' id='line_1_12' title="bbox 419 2038 2113 2144; baseline -0.004 -25"><span class='ocrx_word' id='word_1_104' title='bbox 419 2045 586 2119; x_wconf 79' lang='lat' dir='ltr'><strong>seniores</strong></span> <span class='ocrx_word' id='word_1_105' title='bbox 613 2040 1126 2144; x_wconf 86' lang='lat' dir='ltr'><strong>opidiGrothoouiensis,</strong></span> <span class='ocrx_word' id='word_1_106' title='bbox 1155 2053 1277 2117; x_wconf 91' lang='lat' dir='ltr'><strong>nostro</strong></span> <span class='ocrx_word' id='word_1_107' title='bbox 1305 2053 1342 2117; x_wconf 93' lang='lat' dir='ltr'><strong>et</strong></span> <span class='ocrx_word' id='word_1_108' title='bbox 1367 2041 1611 2118; x_wconf 86' lang='lat' dir='ltr'><strong>universitatis</strong></span> <span class='ocrx_word' id='word_1_109' title='bbox 1630 2039 1717 2118; x_wconf 87' lang='lat' dir='ltr'><strong>dicti</strong></span> <span class='ocrx_word' id='word_1_110' title='bbox 1745 2038 1842 2142; x_wconf 89' lang='lat' dir='ltr'><strong>opidi</strong></span> <span class='ocrx_word' id='word_1_111' title='bbox 1869 2041 2021 2130; x_wconf 88' lang='lat' dir='ltr'><strong>nomine,</strong></span> <span class='ocrx_word' id='word_1_112' title='bbox 2047 2064 2113 2114; x_wconf 88' lang='lat' dir='ltr'><strong>au-</strong></span> 
     </span>
     <span class='ocr_line' id='line_1_13' title="bbox 421 2140 2112 2244; baseline -0.002 -22"><span class='ocrx_word' id='word_1_113' title='bbox 421 2146 587 2222; x_wconf 87' lang='lat' dir='ltr'><strong>ctoritate</strong></span> <span class='ocrx_word' id='word_1_114' title='bbox 620 2157 658 2222; x_wconf 83' lang='lat' dir='ltr'><strong>et</strong></span> <span class='ocrx_word' id='word_1_115' title='bbox 690 2142 858 2222; x_wconf 89' lang='lat' dir='ltr'><strong>mandato</strong></span> <span class='ocrx_word' id='word_1_116' title='bbox 892 2144 942 2218; x_wconf 85' lang='lat' dir='ltr'><strong>ill.</strong></span> <span class='ocrx_word' id='word_1_117' title='bbox 969 2144 1153 2244; x_wconf 73' lang='lat' dir='ltr'><strong>principie,</strong></span> <span class='ocrx_word' id='word_1_118' title='bbox 1181 2143 1273 2219; x_wconf 87' lang='lat' dir='ltr'><strong>dom.</strong></span> <span class='ocrx_word' id='word_1_119' title='bbox 1301 2145 1528 2238; x_wconf 84' lang='lat' dir='ltr'><strong>Boleslai,</strong></span> <span class='ocrx_word' id='word_1_120' title='bbox 1557 2141 1662 2220; x_wconf 88' lang='lat' dir='ltr'><strong>ducis</strong></span> <span class='ocrx_word' id='word_1_121' title='bbox 1690 2141 1871 2235; x_wconf 84' lang='lat' dir='ltr'><strong>Siesie,</strong></span> <span class='ocrx_word' id='word_1_122' title='bbox 1899 2140 1993 2218; x_wconf 88' lang='lat' dir='ltr'><strong>dom.</strong></span> <span class='ocrx_word' id='word_1_123' title='bbox 2021 2144 2112 2218; x_wconf 86' lang='lat' dir='ltr'><strong>Le-</strong></span> 
     </span>
     <span class='ocr_line' id='line_1_14' title="bbox 421 2245 2115 2348; baseline -0.002 -25"><span class='ocrx_word' id='word_1_124' title='bbox 421 2249 665 2348; x_wconf 79' lang='lat' dir='ltr'><strong>gnioensis</strong></span> <span class='ocrx_word' id='word_1_125' title='bbox 698 2259 736 2326; x_wconf 90' lang='lat' dir='ltr'><strong>et</strong></span> <span class='ocrx_word' id='word_1_126' title='bbox 768 2246 1034 2345; x_wconf 81' lang='lat' dir='ltr'><strong>Bregeusis,</strong></span> <span class='ocrx_word' id='word_1_127' title='bbox 1062 2245 1155 2322; x_wconf 93' lang='lat' dir='ltr'><strong>dom.</strong></span> <span class='ocrx_word' id='word_1_128' title='bbox 1182 2247 1295 2322; x_wconf 92' lang='lat' dir='ltr'><strong>nostri</strong></span> <span class='ocrx_word' id='word_1_129' title='bbox 1326 2249 1520 2340; x_wconf 79' lang='lat' dir='ltr'><strong>karissimi,</strong></span> <span class='ocrx_word' id='word_1_130' title='bbox 1547 2259 1693 2348; x_wconf 89' lang='lat' dir='ltr'><strong>propter</strong></span> <span class='ocrx_word' id='word_1_131' title='bbox 1719 2247 1900 2322; x_wconf 88' lang='lat' dir='ltr'><strong>submissa</strong></span> <span class='ocrx_word' id='word_1_132' title='bbox 1925 2247 2115 2324; x_wconf 85' lang='lat' dir='ltr'><strong>convocati</strong></span> 
     </span>
     <span class='ocr_line' id='line_1_15' title="bbox 421 2341 2112 2530; baseline -0.004 -100"><span class='ocrx_word' id='word_1_133' title='bbox 421 2363 460 2430; x_wconf 90' lang='lat' dir='ltr'><strong>et</strong></span> <span class='ocrx_word' id='word_1_134' title='bbox 492 2352 703 2530; x_wconf 61' lang='lat' dir='ltr'><strong>specialiter</strong></span> <span class='ocrx_word' id='word_1_135' title='bbox 734 2351 966 2450; x_wconf 82' lang='lat' dir='ltr'><strong>congregati,</strong></span> <span class='ocrx_word' id='word_1_136' title='bbox 1002 2347 1050 2426; x_wconf 93' lang='lat' dir='ltr'><strong>de</strong></span> <span class='ocrx_word' id='word_1_137' title='bbox 1077 2351 1306 2450; x_wconf 84' lang='lat' dir='ltr'><strong>beneplacito</strong></span> <span class='ocrx_word' id='word_1_138' title='bbox 1341 2351 1496 2452; x_wconf 87' lang='lat' dir='ltr'><strong>speciali</strong></span> <span class='ocrx_word' id='word_1_139' title='bbox 1522 2365 1560 2428; x_wconf 92' lang='lat' dir='ltr'><strong>et</strong></span> <span class='ocrx_word' id='word_1_140' title='bbox 1587 2375 1766 2453; x_wconf 83' lang='lat' dir='ltr'><strong>expresso</strong></span> <span class='ocrx_word' id='word_1_141' title='bbox 1794 2341 1960 2426; x_wconf 86' lang='lat' dir='ltr'><strong>mandato</strong></span> <span class='ocrx_word' id='word_1_142' title='bbox 1987 2343 2112 2451; x_wconf 80' lang='lat' dir='ltr'><strong>ipsios,</strong></span> 
     </span>
    </p>
   </div>
   <div class='ocr_carea' id='block_1_8' title="bbox 421 2451 2234 2556">
    <p class='ocr_par' dir='ltr' id='par_1_8' title="bbox 421 2451 2234 2556">
     <span class='ocr_line' id='line_1_16' title="bbox 421 2451 2234 2556; baseline -0.002 -27"><span class='ocrx_word' id='word_1_143' title='bbox 421 2455 480 2555; x_wconf 93' lang='lat' dir='ltr'><strong>qui</strong></span> <span class='ocrx_word' id='word_1_144' title='bbox 533 2456 638 2532; x_wconf 87' lang='lat' dir='ltr'><strong>&#39;otum</strong></span> <span class='ocrx_word' id='word_1_145' title='bbox 665 2451 808 2556; x_wconf 88' lang='lat' dir='ltr'><strong>opidum</strong></span> <span class='ocrx_word' id='word_1_146' title='bbox 835 2453 1082 2531; x_wconf 84' lang='lat' dir='ltr'><strong>Grothcow</strong></span> <span class='ocrx_word' id='word_1_147' title='bbox 1115 2477 1194 2530; x_wconf 90' lang='lat' dir='ltr'><strong>cum</strong></span> <span class='ocrx_word' id='word_1_148' title='bbox 1221 2453 1385 2532; x_wconf 87' lang='lat' dir='ltr'><strong>districtu</strong></span> <span class='ocrx_word' id='word_1_149' title='bbox 1413 2479 1459 2532; x_wconf 89' lang='lat' dir='ltr'><strong>ac</strong></span> <span class='ocrx_word' id='word_1_150' title='bbox 1486 2455 1660 2532; x_wconf 90' lang='lat' dir='ltr'><strong>territorio</strong></span> <span class='ocrx_word' id='word_1_151' title='bbox 1688 2477 1755 2529; x_wconf 90' lang='lat' dir='ltr'><strong>suo</strong></span> <span class='ocrx_word' id='word_1_152' title='bbox 1776 2453 1936 2554; x_wconf 86' lang='lat' dir='ltr'><strong>juribus,</strong></span> <span class='ocrx_word' id='word_1_153' title='bbox 1971 2453 2114 2528; x_wconf 88' lang='lat' dir='ltr'><strong>honori·</strong></span> <span class='ocrx_word' id='word_1_154' title='bbox 2231 2459 2234 2464; x_wconf 83' lang='grc'><em>“</em></span> 
     </span>
    </p>
   </div>
   <div class='ocr_carea' id='block_1_9' title="bbox 314 2557 2116 3794">
    <p class='ocr_par' dir='ltr' id='par_1_9' title="bbox 314 2557 2116 3794">
     <span class='ocr_line' id='line_1_17' title="bbox 421 2557 2113 2658; baseline -0.002 -24"><span class='ocrx_word' id='word_1_155' title='bbox 421 2560 502 2648; x_wconf 86' lang='lat' dir='ltr'><strong>bus,</strong></span> <span class='ocrx_word' id='word_1_156' title='bbox 523 2557 819 2657; x_wconf 80' lang='lat' dir='ltr'><strong>jurisdicionibus</strong></span> <span class='ocrx_word' id='word_1_157' title='bbox 846 2568 883 2634; x_wconf 86' lang='lat' dir='ltr'><strong>et</strong></span> <span class='ocrx_word' id='word_1_158' title='bbox 909 2557 1140 2658; x_wconf 86' lang='lat' dir='ltr'><strong>pertinenciis</strong></span> <span class='ocrx_word' id='word_1_159' title='bbox 1166 2559 1244 2632; x_wconf 89' lang='lat' dir='ltr'><strong>suis</strong></span> <span class='ocrx_word' id='word_1_160' title='bbox 1270 2558 1449 2634; x_wconf 76' lang='lat' dir='ltr'><strong>universis</strong></span> <span class='ocrx_word' id='word_1_161' title='bbox 1469 2571 1505 2634; x_wconf 88' lang='lat' dir='ltr'><strong>et</strong></span> <span class='ocrx_word' id='word_1_162' title='bbox 1530 2557 1694 2656; x_wconf 78' lang='lat' dir='ltr'><strong>singulis,</strong></span> <span class='ocrx_word' id='word_1_163' title='bbox 1723 2557 1989 2644; x_wconf 74' lang='lat' dir='ltr'><strong>honorabilibus</strong></span> <span class='ocrx_word' id='word_1_164' title='bbox 2015 2557 2113 2646; x_wconf 85' lang='lat' dir='ltr'><strong>viris,</strong></span> 
     </span>
     <span class='ocr_line' id='line_1_18' title="bbox 422 2659 2114 2762; baseline 0 -26"><span class='ocrx_word' id='word_1_165' title='bbox 422 2659 574 2736; x_wconf 83' lang='lat' dir='ltr'><strong>dombris</strong></span> <span class='ocrx_word' id='word_1_166' title='bbox 602 2716 611 2734; x_wconf 92' lang='lat'>.</span> <span class='ocrx_word' id='word_1_167' title='bbox 641 2715 649 2734; x_wconf 91' lang='lat'><strong>.</strong></span> <span class='ocrx_word' id='word_1_168' title='bbox 682 2661 838 2762; x_wconf 85' lang='lat' dir='ltr'><strong>capitolo</strong></span> <span class='ocrx_word' id='word_1_169' title='bbox 866 2661 1275 2737; x_wconf 87' lang='lat' dir='ltr'><strong>Wratislauiensis</strong></span> <span class='ocrx_word' id='word_1_170' title='bbox 1301 2661 1484 2754; x_wconf 87' lang='lat' dir='ltr'><strong>ecclesie,</strong></span> <span class='ocrx_word' id='word_1_171' title='bbox 1518 2659 1677 2738; x_wconf 86' lang='lat' dir='ltr'><strong>evidenti</strong></span> <span class='ocrx_word' id='word_1_172' title='bbox 1704 2661 1929 2752; x_wconf 79' lang='lat' dir='ltr'><strong>necessitate</strong></span> <span class='ocrx_word' id='word_1_173' title='bbox 1955 2671 1993 2736; x_wconf 90' lang='lat' dir='ltr'><strong>et</strong></span> <span class='ocrx_word' id='word_1_174' title='bbox 2018 2660 2114 2736; x_wconf 87' lang='lat' dir='ltr'><strong>utili-</strong></span> 
     </span>
     <span class='ocr_line' id='line_1_19' title="bbox 422 2761 2115 2865; baseline 0 -27"><span class='ocrx_word' id='word_1_175' title='bbox 422 2773 499 2839; x_wconf 87' lang='lat' dir='ltr'><strong>tate</strong></span> <span class='ocrx_word' id='word_1_176' title='bbox 533 2761 711 2840; x_wconf 84' lang='lat' dir='ltr'><strong>suadente</strong></span> <span class='ocrx_word' id='word_1_177' title='bbox 744 2764 811 2840; x_wconf 91' lang='lat' dir='ltr'><strong>rite</strong></span> <span class='ocrx_word' id='word_1_178' title='bbox 838 2774 877 2840; x_wconf 89' lang='lat' dir='ltr'><strong>et</strong></span> <span class='ocrx_word' id='word_1_179' title='bbox 901 2765 1167 2841; x_wconf 77' lang='lat' dir='ltr'><strong>racionabiliter</strong></span> <span class='ocrx_word' id='word_1_180' title='bbox 1197 2762 1361 2841; x_wconf 86' lang='lat' dir='ltr'><strong>vendidit</strong></span> <span class='ocrx_word' id='word_1_181' title='bbox 1392 2789 1455 2865; x_wconf 92' lang='lat' dir='ltr'><strong>pro</strong></span> <span class='ocrx_word' id='word_1_182' title='bbox 1489 2764 1717 2863; x_wconf 81' lang='lat' dir='ltr'><strong>sexingeotis</strong></span> <span class='ocrx_word' id='word_1_183' title='bbox 1748 2763 1881 2840; x_wconf 88' lang='lat' dir='ltr'><strong>marcis</strong></span> <span class='ocrx_word' id='word_1_184' title='bbox 1908 2787 2115 2862; x_wconf 83' lang='lat' dir='ltr'><strong>grossorum</strong></span> 
     </span>
     <span class='ocr_line' id='line_1_20' title="bbox 422 2865 2113 2966; baseline 0 -26"><span class='ocrx_word' id='word_1_185' title='bbox 422 2866 659 2966; x_wconf 83' lang='lat' dir='ltr'><strong>Pragensium</strong></span> <span class='ocrx_word' id='word_1_186' title='bbox 692 2866 1099 2944; x_wconf 85' lang='lat' dir='ltr'><strong>Wratislauiensis</strong></span> <span class='ocrx_word' id='word_1_187' title='bbox 1140 2869 1273 2944; x_wconf 83' lang='lat' dir='ltr'><strong>numen&#39;</strong></span> <span class='ocrx_word' id='word_1_188' title='bbox 1305 2879 1342 2944; x_wconf 90' lang='lat' dir='ltr'><strong>et</strong></span> <span class='ocrx_word' id='word_1_189' title='bbox 1375 2867 1561 2959; x_wconf 82' lang='lat' dir='ltr'><strong>consueti,</strong></span> <span class='ocrx_word' id='word_1_190' title='bbox 1603 2868 1649 2943; x_wconf 88' lang='lat' dir='ltr'><strong>ab</strong></span> <span class='ocrx_word' id='word_1_191' title='bbox 1683 2865 1851 2966; x_wconf 88' lang='lat' dir='ltr'><strong>ejusdem</strong></span> <span class='ocrx_word' id='word_1_192' title='bbox 1881 2865 1975 2942; x_wconf 89' lang='lat' dir='ltr'><strong>dom.</strong></span> <span class='ocrx_word' id='word_1_193' title='bbox 2008 2865 2113 2942; x_wconf 88' lang='lat' dir='ltr'><strong>ducis</strong></span> 
     </span>
     <span class='ocr_line' id='line_1_21' title="bbox 421 2968 2113 3072; baseline 0 -28"><span class='ocrx_word' id='word_1_194' title='bbox 421 2969 521 3072; x_wconf 89' lang='lat' dir='ltr'><strong>prius</strong></span> <span class='ocrx_word' id='word_1_195' title='bbox 548 2969 703 3048; x_wconf 86' lang='lat' dir='ltr'><strong>absoluti</strong></span> <span class='ocrx_word' id='word_1_196' title='bbox 729 2969 914 3072; x_wconf 83' lang='lat' dir='ltr'><strong>homagio,</strong></span> <span class='ocrx_word' id='word_1_197' title='bbox 946 2969 1117 3047; x_wconf 85' lang='lat' dir='ltr'><strong>diseretis</strong></span> <span class='ocrx_word' id='word_1_198' title='bbox 1143 2971 1231 3046; x_wconf 81' lang='lat' dir='ltr'><strong>viris</strong></span> <span class='ocrx_word' id='word_1_199' title='bbox 1258 2968 1409 3051; x_wconf 89' lang='lat' dir='ltr'><strong>dominis</strong></span> <span class='ocrx_word' id='word_1_200' title='bbox 1435 2971 1635 3048; x_wconf 87' lang='lat' dir='ltr'><strong>Heurieo</strong></span> <span class='ocrx_word' id='word_1_201' title='bbox 1662 2969 1710 3047; x_wconf 89' lang='lat' dir='ltr'><strong>de</strong></span> <span class='ocrx_word' id='word_1_202' title='bbox 1736 2972 1888 3046; x_wconf 84' lang='lat' dir='ltr'><strong>Banez</strong></span> <span class='ocrx_word' id='word_1_203' title='bbox 1917 2982 1955 3046; x_wconf 88' lang='lat' dir='ltr'><strong>et</strong></span> <span class='ocrx_word' id='word_1_204' title='bbox 1980 2969 2113 3044; x_wconf 85' lang='lat' dir='ltr'><strong>Luth-</strong></span> 
     </span>
     <span class='ocr_line' id='line_1_22' title="bbox 314 3071 2113 3176; baseline -0.001 -26"><span class='ocrx_word' id='word_1_205' title='bbox 314 3155 325 3174; x_wconf 38' lang='grc' dir='ltr'><em>Ι</em></span> <span class='ocrx_word' id='word_1_206' title='bbox 423 3073 526 3150; x_wconf 90' lang='lat' dir='ltr'><strong>ooni</strong></span> <span class='ocrx_word' id='word_1_207' title='bbox 553 3072 601 3150; x_wconf 92' lang='lat' dir='ltr'><strong>de</strong></span> <span class='ocrx_word' id='word_1_208' title='bbox 628 3073 805 3174; x_wconf 90' lang='lat' dir='ltr'><strong>Kulpen</strong></span> <span class='ocrx_word' id='word_1_209' title='bbox 840 3075 1025 3151; x_wconf 85' lang='lat' dir='ltr'><strong>canonicis</strong></span> <span class='ocrx_word' id='word_1_210' title='bbox 1052 3071 1188 3150; x_wconf 88' lang='lat' dir='ltr'><strong>Wrat.</strong></span> <span class='ocrx_word' id='word_1_211' title='bbox 1225 3073 1454 3176; x_wconf 84' lang='lat' dir='ltr'><strong>presentibus</strong></span> <span class='ocrx_word' id='word_1_212' title='bbox 1488 3087 1537 3150; x_wconf 72' lang='lat' dir='ltr'><strong>et¹</strong></span> <span class='ocrx_word' id='word_1_213' title='bbox 1558 3098 1624 3149; x_wconf 91' lang='lat' dir='ltr'><strong>suo</strong></span> <span class='ocrx_word' id='word_1_214' title='bbox 1657 3098 1703 3149; x_wconf 90' lang='lat' dir='ltr'><strong>ac</strong></span> <span class='ocrx_word' id='word_1_215' title='bbox 1731 3072 1818 3151; x_wconf 87' lang='lat' dir='ltr'><strong>dieti</strong></span> <span class='ocrx_word' id='word_1_216' title='bbox 1844 3073 1983 3148; x_wconf 87' lang='lat' dir='ltr'><strong>Wrat.</strong></span> <span class='ocrx_word' id='word_1_217' title='bbox 2011 3074 2113 3174; x_wconf 86' lang='lat' dir='ltr'><strong>eapi-</strong></span> 
     </span>
     <span class='ocr_line' id='line_1_23' title="bbox 422 3169 2114 3280; baseline 0.001 -30"><span class='ocrx_word' id='word_1_218' title='bbox 422 3176 487 3250; x_wconf 91' lang='lat' dir='ltr'><strong>tuli</strong></span> <span class='ocrx_word' id='word_1_219' title='bbox 517 3179 656 3252; x_wconf 89' lang='lat' dir='ltr'><strong>nomine</strong></span> <span class='ocrx_word' id='word_1_220' title='bbox 689 3177 963 3278; x_wconf 83' lang='lat' dir='ltr'><strong>recipientibus,</strong></span> <span class='ocrx_word' id='word_1_221' title='bbox 999 3169 1066 3254; x_wconf 85' lang='lat' dir='ltr'><strong>bon</strong></span> <span class='ocrx_word' id='word_1_222' title='bbox 1102 3178 1222 3256; x_wconf 84' lang='lat' dir='ltr'><strong>eoacti</strong></span> <span class='ocrx_word' id='word_1_223' title='bbox 1247 3175 1410 3280; x_wconf 74' lang='lat' dir='ltr'><strong>neo&#39;per</strong></span> <span class='ocrx_word' id='word_1_224' title='bbox 1435 3203 1588 3254; x_wconf 88' lang='lat' dir='ltr'><strong>errorem</strong></span> <span class='ocrx_word' id='word_1_225' title='bbox 1621 3175 1691 3254; x_wconf 91' lang='lat' dir='ltr'><strong>sed</strong></span> <span class='ocrx_word' id='word_1_226' title='bbox 1716 3179 1809 3269; x_wconf 86' lang='lat' dir='ltr'><strong>leta,</strong></span> <span class='ocrx_word' id='word_1_227' title='bbox 1842 3187 2044 3277; x_wconf 85' lang='lat' dir='ltr'><strong>spontanea</strong></span> <span class='ocrx_word' id='word_1_228' title='bbox 2069 3200 2114 3251; x_wconf 89' lang='lat' dir='ltr'><strong>ao</strong></span> 
     </span>
     <span class='ocr_line' id='line_1_24' title="bbox 422 3279 2115 3372; baseline -0.001 -18"><span class='ocrx_word' id='word_1_229' title='bbox 422 3280 539 3354; x_wconf 89' lang='lat' dir='ltr'><strong>libera</strong></span> <span class='ocrx_word' id='word_1_230' title='bbox 563 3281 759 3371; x_wconf 84' lang='lat' dir='ltr'><strong>voluntate,</strong></span> <span class='ocrx_word' id='word_1_231' title='bbox 791 3283 894 3356; x_wconf 85' lang='lat' dir='ltr'><strong>bona·</strong></span> <span class='ocrx_word' id='word_1_232' title='bbox 909 3279 983 3356; x_wconf 86' lang='lat' dir='ltr'><strong>fide</strong></span> <span class='ocrx_word' id='word_1_233' title='bbox 1008 3291 1133 3356; x_wconf 85' lang='lat' dir='ltr'><strong>nostra</strong></span> <span class='ocrx_word' id='word_1_234' title='bbox 1159 3295 1196 3356; x_wconf 83' lang='lat' dir='ltr'><strong>et</strong></span> <span class='ocrx_word' id='word_1_235' title='bbox 1222 3282 1301 3356; x_wconf 87' lang='lat' dir='ltr'><strong>sine</strong></span> <span class='ocrx_word' id='word_1_236' title='bbox 1328 3282 1420 3356; x_wconf 88' lang='lat' dir='ltr'><strong>omui</strong></span> <span class='ocrx_word' id='word_1_237' title='bbox 1447 3279 1543 3372; x_wconf 87' lang='lat' dir='ltr'><strong>dolo,</strong></span> <span class='ocrx_word' id='word_1_238' title='bbox 1571 3281 1705 3357; x_wconf 85' lang='lat' dir='ltr'><strong>erectis</strong></span> <span class='ocrx_word' id='word_1_239' title='bbox 1731 3281 1893 3356; x_wconf 87' lang='lat' dir='ltr'><strong>manibus</strong></span> <span class='ocrx_word' id='word_1_240' title='bbox 1919 3281 2052 3355; x_wconf 90' lang='lat' dir='ltr'><strong>nostris</strong></span> <span class='ocrx_word' id='word_1_241' title='bbox 2078 3291 2115 3356; x_wconf 87' lang='lat' dir='ltr'><strong>et</strong></span> 
     </span>
     <span class='ocr_line' id='line_1_25' title="bbox 422 3380 2114 3484; baseline 0.001 -29"><span class='ocrx_word' id='word_1_242' title='bbox 422 3385 601 3482; x_wconf 89' lang='lat' dir='ltr'><strong>porrectis</strong></span> <span class='ocrx_word' id='word_1_243' title='bbox 626 3383 662 3456; x_wconf 91' lang='lat' dir='ltr'><strong>in</strong></span> <span class='ocrx_word' id='word_1_244' title='bbox 689 3384 827 3481; x_wconf 85' lang='lat' dir='ltr'><strong>signum</strong></span> <span class='ocrx_word' id='word_1_245' title='bbox 854 3385 994 3484; x_wconf 90' lang='lat' dir='ltr'><strong>prestiti</strong></span> <span class='ocrx_word' id='word_1_246' title='bbox 1014 3384 1218 3482; x_wconf 86' lang='lat' dir='ltr'><strong>juramenti,</strong></span> <span class='ocrx_word' id='word_1_247' title='bbox 1250 3408 1345 3460; x_wconf 91' lang='lat' dir='ltr'><strong>voce</strong></span> <span class='ocrx_word' id='word_1_248' title='bbox 1373 3384 1524 3458; x_wconf 88' lang='lat' dir='ltr'><strong>unanimi</strong></span> <span class='ocrx_word' id='word_1_249' title='bbox 1551 3394 1590 3460; x_wconf 87' lang='lat' dir='ltr'><strong>et</strong></span> <span class='ocrx_word' id='word_1_250' title='bbox 1615 3407 1795 3460; x_wconf 90' lang='lat' dir='ltr'><strong>consensu</strong></span> <span class='ocrx_word' id='word_1_251' title='bbox 1823 3380 1993 3471; x_wconf 87' lang='lat' dir='ltr'><strong>concordi</strong></span> <span class='ocrx_word' id='word_1_252' title='bbox 2020 3384 2114 3460; x_wconf 80' lang='lat' dir='ltr'><strong>saci-</strong></span> 
     </span>
     <span class='ocr_line' id='line_1_26' title="bbox 423 3483 2114 3588; baseline 0.003 -31"><span class='ocrx_word' id='word_1_253' title='bbox 423 3508 502 3560; x_wconf 88' lang='lat' dir='ltr'><strong>mus</strong></span> <span class='ocrx_word' id='word_1_254' title='bbox 528 3495 566 3560; x_wconf 91' lang='lat' dir='ltr'><strong>et</strong></span> <span class='ocrx_word' id='word_1_255' title='bbox 590 3487 821 3585; x_wconf 87' lang='lat' dir='ltr'><strong>promittimus</strong></span> <span class='ocrx_word' id='word_1_256' title='bbox 853 3512 916 3588; x_wconf 93' lang='lat' dir='ltr'><strong>pro</strong></span> <span class='ocrx_word' id='word_1_257' title='bbox 948 3487 1051 3560; x_wconf 87' lang='lat' dir='ltr'><strong>nobis</strong></span> <span class='ocrx_word' id='word_1_258' title='bbox 1080 3497 1117 3560; x_wconf 90' lang='lat' dir='ltr'><strong>et</strong></span> <span class='ocrx_word' id='word_1_259' title='bbox 1143 3489 1421 3563; x_wconf 86' lang='lat' dir='ltr'><strong>successoribus</strong></span> <span class='ocrx_word' id='word_1_260' title='bbox 1455 3487 1587 3562; x_wconf 87' lang='lat' dir='ltr'><strong>nostris</strong></span> <span class='ocrx_word' id='word_1_261' title='bbox 1618 3511 1738 3562; x_wconf 85' lang='lat' dir='ltr'><strong>verum</strong></span> <span class='ocrx_word' id='word_1_262' title='bbox 1771 3483 1959 3562; x_wconf 85' lang='lat' dir='ltr'><strong>fidelitatis</strong></span> <span class='ocrx_word' id='word_1_263' title='bbox 1989 3486 2114 3562; x_wconf 86' lang='lat' dir='ltr'><strong>homa-</strong></span> 
     </span>
     <span class='ocr_line' id='line_1_27' title="bbox 423 3586 2116 3692; baseline 0.004 -34"><span class='ocrx_word' id='word_1_264' title='bbox 423 3586 519 3685; x_wconf 84' lang='lat' dir='ltr'><strong>gium</strong></span> <span class='ocrx_word' id='word_1_265' title='bbox 545 3587 580 3660; x_wconf 91' lang='lat' dir='ltr'><strong>in</strong></span> <span class='ocrx_word' id='word_1_266' title='bbox 607 3587 676 3660; x_wconf 88' lang='lat' dir='ltr'><strong>hiis</strong></span> <span class='ocrx_word' id='word_1_267' title='bbox 703 3588 861 3688; x_wconf 89' lang='lat' dir='ltr'><strong>scriptis,</strong></span> <span class='ocrx_word' id='word_1_268' title='bbox 886 3589 1144 3691; x_wconf 83' lang='lat' dir='ltr'><strong>promittentes,</strong></span> <span class='ocrx_word' id='word_1_269' title='bbox 1172 3601 1210 3664; x_wconf 87' lang='lat' dir='ltr'><strong>ut</strong></span> <span class='ocrx_word' id='word_1_270' title='bbox 1236 3615 1357 3692; x_wconf 89' lang='lat' dir='ltr'><strong>supra,</strong></span> <span class='ocrx_word' id='word_1_271' title='bbox 1386 3588 1566 3668; x_wconf 88' lang='lat' dir='ltr'><strong>bonafide</strong></span> <span class='ocrx_word' id='word_1_272' title='bbox 1592 3601 1717 3666; x_wconf 86' lang='lat' dir='ltr'><strong>nostra</strong></span> <span class='ocrx_word' id='word_1_273' title='bbox 1742 3592 1881 3690; x_wconf 88' lang='lat' dir='ltr'><strong>absque</strong></span> <span class='ocrx_word' id='word_1_274' title='bbox 1903 3591 2015 3666; x_wconf 89' lang='lat' dir='ltr'><strong>omnis</strong></span> <span class='ocrx_word' id='word_1_275' title='bbox 2042 3588 2116 3665; x_wconf 87' lang='lat' dir='ltr'><strong>doli</strong></span> 
     </span>
     <span class='ocr_line' id='line_1_28' title="bbox 425 3689 2115 3794; baseline 0.003 -32"><span class='ocrx_word' id='word_1_276' title='bbox 425 3689 595 3790; x_wconf 89' lang='lat' dir='ltr'><strong>scrupulo</strong></span> <span class='ocrx_word' id='word_1_277' title='bbox 621 3713 686 3790; x_wconf 91' lang='lat' dir='ltr'><strong>pro</strong></span> <span class='ocrx_word' id='word_1_278' title='bbox 712 3691 815 3766; x_wconf 90' lang='lat' dir='ltr'><strong>nobis</strong></span> <span class='ocrx_word' id='word_1_279' title='bbox 842 3703 879 3767; x_wconf 89' lang='lat' dir='ltr'><strong>et</strong></span> <span class='ocrx_word' id='word_1_280' title='bbox 905 3692 1183 3768; x_wconf 88' lang='lat' dir='ltr'><strong>suecessoribus</strong></span> <span class='ocrx_word' id='word_1_281' title='bbox 1217 3694 1349 3769; x_wconf 90' lang='lat' dir='ltr'><strong>nostris</strong></span> <span class='ocrx_word' id='word_1_282' title='bbox 1383 3692 1520 3770; x_wconf 91' lang='lat' dir='ltr'><strong>eisdem</strong></span> <span class='ocrx_word' id='word_1_283' title='bbox 1546 3690 1716 3785; x_wconf 87' lang='lat' dir='ltr'><strong>dominis,</strong></span> <span class='ocrx_word' id='word_1_284' title='bbox 1750 3693 1926 3770; x_wconf 80' lang='lat' dir='ltr'><strong>videlicet</strong></span> <span class='ocrx_word' id='word_1_285' title='bbox 1959 3693 2115 3794; x_wconf 88' lang='lat' dir='ltr'><strong>capitulo</strong></span> 
     </span>
    </p>
   </div>
   <div class='ocr_carea' id='block_1_10' title="bbox 295 3789 2115 3898">
    <p class='ocr_par' dir='ltr' id='par_1_10' title="bbox 295 3789 2115 3898">
     <span class='ocr_line' id='line_1_29' title="bbox 295 3789 2115 3898; baseline 0.005 -35"><span class='ocrx_word' id='word_1_286' title='bbox 295 3815 304 3832; x_wconf 70' lang='grc'>’</span> <span class='ocrx_word' id='word_1_287' title='bbox 425 3789 806 3869; x_wconf 78' lang='lat' dir='ltr'><strong>Wratiulauiensi</strong></span> <span class='ocrx_word' id='word_1_288' title='bbox 839 3805 876 3870; x_wconf 92' lang='lat' dir='ltr'><strong>et</strong></span> <span class='ocrx_word' id='word_1_289' title='bbox 905 3794 1145 3894; x_wconf 81' lang='lat' dir='ltr'><strong>singularibus</strong></span> <span class='ocrx_word' id='word_1_290' title='bbox 1180 3799 1346 3897; x_wconf 88' lang='lat' dir='ltr'><strong>personis</strong></span> <span class='ocrx_word' id='word_1_291' title='bbox 1382 3798 1497 3898; x_wconf 91' lang='lat' dir='ltr'><strong>ipsius</strong></span> <span class='ocrx_word' id='word_1_292' title='bbox 1529 3821 1575 3872; x_wconf 89' lang='lat' dir='ltr'><strong>ac</strong></span> <span class='ocrx_word' id='word_1_293' title='bbox 1610 3797 1812 3898; x_wconf 68' lang='lat' dir='ltr'><strong>capitaneis</strong></span> <span class='ocrx_word' id='word_1_294' title='bbox 1846 3821 1912 3872; x_wconf 91' lang='lat' dir='ltr'><strong>seu</strong></span> <span class='ocrx_word' id='word_1_295' title='bbox 1947 3795 2115 3873; x_wconf 85' lang='lat' dir='ltr'><strong>officiatis</strong></span> 
     </span>
    </p>
   </div>
   <div class='ocr_carea' id='block_1_11' title="bbox 425 3892 2134 5033">
    <p class='ocr_par' dir='ltr' id='par_1_11' title="bbox 425 3892 2134 5033">
     <span class='ocr_line' id='line_1_30' title="bbox 426 3892 2115 3996; baseline 0.004 -26"><span class='ocrx_word' id='word_1_296' title='bbox 426 3894 632 3988; x_wconf 91' lang='lat' dir='ltr'><strong>eorundem,</strong></span> <span class='ocrx_word' id='word_1_297' title='bbox 658 3892 777 3989; x_wconf 80' lang='lat' dir='ltr'><strong>fidem,</strong></span> <span class='ocrx_word' id='word_1_298' title='bbox 787 3901 883 3996; x_wconf 89' lang='lat' dir='ltr'><strong>jura,</strong></span> <span class='ocrx_word' id='word_1_299' title='bbox 911 3898 1067 3974; x_wconf 90' lang='lat' dir='ltr'><strong>honores</strong></span> <span class='ocrx_word' id='word_1_300' title='bbox 1096 3909 1133 3975; x_wconf 89' lang='lat' dir='ltr'><strong>et</strong></span> <span class='ocrx_word' id='word_1_301' title='bbox 1157 3901 1404 3976; x_wconf 86' lang='lat' dir='ltr'><strong>reverenciam</strong></span> <span class='ocrx_word' id='word_1_302' title='bbox 1429 3911 1566 3991; x_wconf 88' lang='lat' dir='ltr'><strong>tenere,</strong></span> <span class='ocrx_word' id='word_1_303' title='bbox 1593 3899 1721 3977; x_wconf 86' lang='lat' dir='ltr'><strong>facere</strong></span> <span class='ocrx_word' id='word_1_304' title='bbox 1740 3911 1776 3977; x_wconf 93' lang='lat' dir='ltr'><strong>et</strong></span> <span class='ocrx_word' id='word_1_305' title='bbox 1794 3901 1909 3976; x_wconf 89' lang='lat' dir='ltr'><strong>eciam</strong></span> <span class='ocrx_word' id='word_1_306' title='bbox 1928 3901 2115 3989; x_wconf 87' lang='lat' dir='ltr'><strong>exhibere,</strong></span> 
     </span>
     <span class='ocr_line' id='line_1_31' title="bbox 425 3996 2116 4096; baseline 0.004 -25"><span class='ocrx_word' id='word_1_307' title='bbox 425 3998 553 4096; x_wconf 88' lang='lat' dir='ltr'><strong>quibus</strong></span> <span class='ocrx_word' id='word_1_308' title='bbox 592 3996 709 4076; x_wconf 92' lang='lat' dir='ltr'><strong>eidem</strong></span> <span class='ocrx_word' id='word_1_309' title='bbox 747 3998 840 4075; x_wconf 93' lang='lat' dir='ltr'><strong>dom.</strong></span> <span class='ocrx_word' id='word_1_310' title='bbox 875 3999 959 4077; x_wconf 90' lang='lat' dir='ltr'><strong>duci</strong></span> <span class='ocrx_word' id='word_1_311' title='bbox 990 4001 1210 4078; x_wconf 86' lang='lat' dir='ltr'><strong>Boleslao</strong></span> <span class='ocrx_word' id='word_1_312' title='bbox 1246 4017 1283 4079; x_wconf 89' lang='lat' dir='ltr'><strong>et</strong></span> <span class='ocrx_word' id='word_1_313' title='bbox 1313 4003 1390 4078; x_wconf 91' lang='lat' dir='ltr'><strong>sois</strong></span> <span class='ocrx_word' id='word_1_314' title='bbox 1424 4001 1596 4078; x_wconf 86' lang='lat' dir='ltr'><strong>officiatis</strong></span> <span class='ocrx_word' id='word_1_315' title='bbox 1636 4028 1777 4080; x_wconf 87' lang='lat' dir='ltr'><strong>eramus</strong></span> <span class='ocrx_word' id='word_1_316' title='bbox 1810 4003 1949 4080; x_wconf 84' lang='lat' dir='ltr'><strong>astricti</strong></span> <span class='ocrx_word' id='word_1_317' title='bbox 1983 4017 2021 4080; x_wconf 87' lang='lat' dir='ltr'><strong>et</strong></span> <span class='ocrx_word' id='word_1_318' title='bbox 2045 4003 2116 4078; x_wconf 90' lang='lat' dir='ltr'><strong>hoo</strong></span> 
     </span>
     <span class='ocr_line' id='line_1_32' title="bbox 426 4099 2117 4206; baseline 0.004 -32"><span class='ocrx_word' id='word_1_319' title='bbox 426 4099 593 4199; x_wconf 83' lang='lat' dir='ltr'><strong>quamdiu</strong></span> <span class='ocrx_word' id='word_1_320' title='bbox 616 4103 732 4204; x_wconf 92' lang='lat' dir='ltr'><strong>ipsum</strong></span> <span class='ocrx_word' id='word_1_321' title='bbox 759 4101 900 4205; x_wconf 89' lang='lat' dir='ltr'><strong>opidum</strong></span> <span class='ocrx_word' id='word_1_322' title='bbox 925 4104 1176 4182; x_wconf 84' lang='lat' dir='ltr'><strong>Grothoow</strong></span> <span class='ocrx_word' id='word_1_323' title='bbox 1202 4131 1281 4182; x_wconf 90' lang='lat' dir='ltr'><strong>oum</strong></span> <span class='ocrx_word' id='word_1_324' title='bbox 1299 4104 1475 4199; x_wconf 83' lang='lat' dir='ltr'><strong>districtu,</strong></span> <span class='ocrx_word' id='word_1_325' title='bbox 1496 4107 1651 4205; x_wconf 89' lang='lat' dir='ltr'><strong>juribus,</strong></span> <span class='ocrx_word' id='word_1_326' title='bbox 1679 4106 1881 4198; x_wconf 87' lang='lat' dir='ltr'><strong>honoribus,</strong></span> <span class='ocrx_word' id='word_1_327' title='bbox 1903 4105 2117 4206; x_wconf 84' lang='lat' dir='ltr'><strong>jurisdicio-</strong></span> 
     </span>
     <span class='ocr_line' id='line_1_33' title="bbox 426 4203 2115 4311; baseline 0.006 -37"><span class='ocrx_word' id='word_1_328' title='bbox 426 4203 530 4278; x_wconf 89' lang='lat' dir='ltr'><strong>nibus</strong></span> <span class='ocrx_word' id='word_1_329' title='bbox 557 4215 595 4280; x_wconf 88' lang='lat' dir='ltr'><strong>et</strong></span> <span class='ocrx_word' id='word_1_330' title='bbox 618 4207 849 4306; x_wconf 87' lang='lat' dir='ltr'><strong>pertinenciis</strong></span> <span class='ocrx_word' id='word_1_331' title='bbox 877 4209 954 4282; x_wconf 90' lang='lat' dir='ltr'><strong>suis</strong></span> <span class='ocrx_word' id='word_1_332' title='bbox 979 4208 1014 4281; x_wconf 91' lang='lat' dir='ltr'><strong>in</strong></span> <span class='ocrx_word' id='word_1_333' title='bbox 1039 4209 1279 4308; x_wconf 86' lang='lat' dir='ltr'><strong>possessione</strong></span> <span class='ocrx_word' id='word_1_334' title='bbox 1307 4233 1372 4285; x_wconf 87' lang='lat' dir='ltr'><strong>seu</strong></span> <span class='ocrx_word' id='word_1_335' title='bbox 1399 4221 1582 4310; x_wconf 84' lang='lat' dir='ltr'><strong>potestate</strong></span> <span class='ocrx_word' id='word_1_336' title='bbox 1615 4210 1723 4286; x_wconf 85' lang='lat' dir='ltr'><strong>fuerit</strong></span> <span class='ocrx_word' id='word_1_337' title='bbox 1756 4209 1901 4311; x_wconf 86' lang='lat' dir='ltr'><strong>capituli</strong></span> <span class='ocrx_word' id='word_1_338' title='bbox 1934 4211 2115 4286; x_wconf 88' lang='lat' dir='ltr'><strong>memorati</strong></span> 
     </span>
     <span class='ocr_line' id='line_1_34' title="bbox 428 4305 2117 4413; baseline 0.005 -35"><span class='ocrx_word' id='word_1_339' title='bbox 428 4315 466 4378; x_wconf 86' lang='lat' dir='ltr'><strong>et</strong></span> <span class='ocrx_word' id='word_1_340' title='bbox 491 4305 655 4404; x_wconf 86' lang='lat' dir='ltr'><strong>quamdiu</strong></span> <span class='ocrx_word' id='word_1_341' title='bbox 683 4332 706 4382; x_wconf 88' lang='lat' dir='ltr'><strong>a</strong></span> <span class='ocrx_word' id='word_1_342' title='bbox 732 4307 830 4385; x_wconf 89' lang='lat' dir='ltr'><strong>dioto</strong></span> <span class='ocrx_word' id='word_1_343' title='bbox 856 4310 989 4386; x_wconf 87' lang='lat' dir='ltr'><strong>Wrat.</strong></span> <span class='ocrx_word' id='word_1_344' title='bbox 1019 4311 1174 4411; x_wconf 85' lang='lat' dir='ltr'><strong>capitulo</strong></span> <span class='ocrx_word' id='word_1_345' title='bbox 1200 4337 1266 4413; x_wconf 91' lang='lat' dir='ltr'><strong>per</strong></span> <span class='ocrx_word' id='word_1_346' title='bbox 1291 4313 1466 4412; x_wconf 71' lang='lat' dir='ltr'><strong>prefatum</strong></span> <span class='ocrx_word' id='word_1_347' title='bbox 1493 4311 1586 4389; x_wconf 90' lang='lat' dir='ltr'><strong>dom.</strong></span> <span class='ocrx_word' id='word_1_348' title='bbox 1613 4313 1742 4390; x_wconf 87' lang='lat' dir='ltr'><strong>docem</strong></span> <span class='ocrx_word' id='word_1_349' title='bbox 1766 4313 2028 4389; x_wconf 88' lang='lat' dir='ltr'><strong>Boleslaum</strong></span> <span class='ocrx_word' id='word_1_350' title='bbox 2055 4313 2117 4388; x_wconf 84' lang='lat' dir='ltr'><strong>vei</strong></span> 
     </span>
     <span class='ocr_line' id='line_1_35' title="bbox 428 4408 2117 4518; baseline 0.005 -36"><span class='ocrx_word' id='word_1_351' title='bbox 428 4409 693 4485; x_wconf 83' lang='lat' dir='ltr'><strong>serenissimam</strong></span> <span class='ocrx_word' id='word_1_352' title='bbox 711 4408 886 4486; x_wconf 89' lang='lat' dir='ltr'><strong>dominam</strong></span> <span class='ocrx_word' id='word_1_353' title='bbox 902 4412 1192 4489; x_wconf 88' lang='lat' dir='ltr'><strong>Katherinam</strong></span> <span class='ocrx_word' id='word_1_354' title='bbox 1218 4412 1402 4491; x_wconf 87' lang='lat' dir='ltr'><strong>ducissam</strong></span> <span class='ocrx_word' id='word_1_355' title='bbox 1431 4417 1674 4494; x_wconf 83' lang='lat' dir='ltr'><strong>corrthoralem</strong></span> <span class='ocrx_word' id='word_1_356' title='bbox 1697 4417 1812 4517; x_wconf 91' lang='lat' dir='ltr'><strong>ipsios</strong></span> <span class='ocrx_word' id='word_1_357' title='bbox 1839 4416 1919 4492; x_wconf 74' lang='lat' dir='ltr'><strong>nive</strong></span> <span class='ocrx_word' id='word_1_358' title='bbox 1943 4439 2010 4518; x_wconf 93' lang='lat' dir='ltr'><strong>per</strong></span> <span class='ocrx_word' id='word_1_359' title='bbox 2034 4416 2117 4491; x_wconf 87' lang='lat' dir='ltr'><strong>illu-</strong></span> 
     </span>
     <span class='ocr_line' id='line_1_36' title="bbox 429 4510 2117 4613; baseline 0.008 -33"><span class='ocrx_word' id='word_1_360' title='bbox 429 4519 525 4584; x_wconf 73' lang='lat' dir='ltr'><strong>stres</strong></span> <span class='ocrx_word' id='word_1_361' title='bbox 550 4512 732 4613; x_wconf 89' lang='lat' dir='ltr'><strong>principes</strong></span> <span class='ocrx_word' id='word_1_362' title='bbox 759 4510 920 4590; x_wconf 90' lang='lat' dir='ltr'><strong>dominos</strong></span> <span class='ocrx_word' id='word_1_363' title='bbox 946 4517 1261 4593; x_wconf 88' lang='lat' dir='ltr'><strong>Wenoeslaum</strong></span> <span class='ocrx_word' id='word_1_364' title='bbox 1289 4531 1326 4594; x_wconf 88' lang='lat' dir='ltr'><strong>et</strong></span> <span class='ocrx_word' id='word_1_365' title='bbox 1351 4518 1597 4597; x_wconf 79' lang='lat' dir='ltr'><strong>Luduioom</strong></span> <span class='ocrx_word' id='word_1_366' title='bbox 1629 4520 1724 4596; x_wconf 84' lang='lat' dir='ltr'><strong>filios</strong></span> <span class='ocrx_word' id='word_1_367' title='bbox 1751 4519 1931 4594; x_wconf 84' lang='lat' dir='ltr'><strong>antelios</strong></span> <span class='ocrx_word' id='word_1_368' title='bbox 1958 4518 2117 4596; x_wconf 88' lang='lat' dir='ltr'><strong>heredes</strong></span> 
     </span>
     <span class='ocr_line' id='line_1_37' title="bbox 429 4613 2134 4720; baseline 0.009 -38"><span class='ocrx_word' id='word_1_369' title='bbox 429 4633 517 4685; x_wconf 88' lang='lat' dir='ltr'><strong>suos</strong></span> <span class='ocrx_word' id='word_1_370' title='bbox 542 4613 749 4708; x_wconf 84' lang='lat' dir='ltr'><strong>viciniores,</strong></span> <span class='ocrx_word' id='word_1_371' title='bbox 776 4614 826 4715; x_wconf 89' lang='lat' dir='ltr'><strong>ad</strong></span> <span class='ocrx_word' id='word_1_372' title='bbox 851 4641 942 4716; x_wconf 89' lang='lat' dir='ltr'><strong>quos</strong></span> <span class='ocrx_word' id='word_1_373' title='bbox 967 4621 1156 4719; x_wconf 90' lang='lat' dir='ltr'><strong>pertinebit</strong></span> <span class='ocrx_word' id='word_1_374' title='bbox 1182 4619 1229 4698; x_wconf 92' lang='lat' dir='ltr'><strong>de</strong></span> <span class='ocrx_word' id='word_1_375' title='bbox 1250 4626 1335 4720; x_wconf 90' lang='lat' dir='ltr'><strong>jure</strong></span> <span class='ocrx_word' id='word_1_376' title='bbox 1362 4635 1400 4700; x_wconf 88' lang='lat' dir='ltr'><strong>et</strong></span> <span class='ocrx_word' id='word_1_377' title='bbox 1425 4623 1496 4699; x_wconf 90' lang='lat' dir='ltr'><strong>boo</strong></span> <span class='ocrx_word' id='word_1_378' title='bbox 1520 4624 1552 4697; x_wconf 90' lang='lat' dir='ltr'><strong>si</strong></span> <span class='ocrx_word' id='word_1_379' title='bbox 1578 4620 1678 4700; x_wconf 88' lang='lat' dir='ltr'><strong>diota</strong></span> <span class='ocrx_word' id='word_1_380' title='bbox 1704 4621 1847 4699; x_wconf 90' lang='lat' dir='ltr'><strong>domina</strong></span> <span class='ocrx_word' id='word_1_381' title='bbox 1871 4619 2023 4698; x_wconf 88' lang='lat' dir='ltr'><strong>ducissa</strong></span> <span class='ocrx_word' id='word_1_382' title='bbox 2048 4647 2134 4705; x_wconf 79' lang='lat' dir='ltr'><strong>non¹</strong></span> 
     </span>
     <span class='ocr_line' id='line_1_38' title="bbox 430 4715 2118 4826; baseline 0.008 -40"><span class='ocrx_word' id='word_1_383' title='bbox 430 4724 544 4806; x_wconf 90' lang='lat' dir='ltr'><strong>esset,</strong></span> <span class='ocrx_word' id='word_1_384' title='bbox 570 4715 745 4815; x_wconf 79' lang='lat' dir='ltr'><strong>prefatum</strong></span> <span class='ocrx_word' id='word_1_385' title='bbox 769 4716 910 4820; x_wconf 90' lang='lat' dir='ltr'><strong>opidum</strong></span> <span class='ocrx_word' id='word_1_386' title='bbox 929 4719 1177 4802; x_wconf 83' lang='lat' dir='ltr'><strong>Grothoow</strong></span> <span class='ocrx_word' id='word_1_387' title='bbox 1204 4748 1283 4800; x_wconf 90' lang='lat' dir='ltr'><strong>oum</strong></span> <span class='ocrx_word' id='word_1_388' title='bbox 1310 4726 1387 4800; x_wconf 88' lang='lat' dir='ltr'><strong>sois</strong></span> <span class='ocrx_word' id='word_1_389' title='bbox 1407 4725 1550 4824; x_wconf 90' lang='lat' dir='ltr'><strong>juribus</strong></span> <span class='ocrx_word' id='word_1_390' title='bbox 1577 4737 1614 4802; x_wconf 92' lang='lat' dir='ltr'><strong>et</strong></span> <span class='ocrx_word' id='word_1_391' title='bbox 1639 4725 1871 4826; x_wconf 90' lang='lat' dir='ltr'><strong>pertinenciis</strong></span> <span class='ocrx_word' id='word_1_392' title='bbox 1897 4723 2118 4825; x_wconf 83' lang='lat' dir='ltr'><strong>supradictis</strong></span> 
     </span>
     <span class='ocr_line' id='line_1_39' title="bbox 430 4821 2118 4933; baseline 0.011 -47"><span class='ocrx_word' id='word_1_393' title='bbox 430 4826 623 4933; x_wconf 76' lang='lat' dir='ltr'><strong>reemptum</strong></span> <span class='ocrx_word' id='word_1_394' title='bbox 649 4843 718 4894; x_wconf 91' lang='lat' dir='ltr'><strong>noo</strong></span> <span class='ocrx_word' id='word_1_395' title='bbox 744 4821 852 4898; x_wconf 78' lang='lat' dir='ltr'><strong>buerit</strong></span> <span class='ocrx_word' id='word_1_396' title='bbox 878 4847 956 4900; x_wconf 91' lang='lat' dir='ltr'><strong>oum</strong></span> <span class='ocrx_word' id='word_1_397' title='bbox 984 4827 1211 4928; x_wconf 81' lang='lat' dir='ltr'><strong>sexingentis</strong></span> <span class='ocrx_word' id='word_1_398' title='bbox 1238 4829 1370 4903; x_wconf 90' lang='lat' dir='ltr'><strong>marcis</strong></span> <span class='ocrx_word' id='word_1_399' title='bbox 1395 4825 1550 4928; x_wconf 84' lang='lat' dir='ltr'><strong>predicti</strong></span> <span class='ocrx_word' id='word_1_400' title='bbox 1575 4830 1780 4930; x_wconf 84' lang='lat' dir='ltr'><strong>pagameuti</strong></span> <span class='ocrx_word' id='word_1_401' title='bbox 1798 4833 1835 4906; x_wconf 88' lang='lat' dir='ltr'><strong>et</strong></span> <span class='ocrx_word' id='word_1_402' title='bbox 1852 4829 1995 4920; x_wconf 91' lang='lat' dir='ltr'><strong>numeri,</strong></span> <span class='ocrx_word' id='word_1_403' title='bbox 2024 4828 2118 4903; x_wconf 84' lang='lat' dir='ltr'><strong>dan-</strong></span> 
     </span>
     <span class='ocr_line' id='line_1_40' title="bbox 430 4912 2118 5033; baseline 0.01 -43"><span class='ocrx_word' id='word_1_404' title='bbox 430 4912 490 4991; x_wconf 88' lang='lat' dir='ltr'><strong>drs</strong></span> <span class='ocrx_word' id='word_1_405' title='bbox 517 4927 554 4992; x_wconf 90' lang='lat' dir='ltr'><strong>et</strong></span> <span class='ocrx_word' id='word_1_406' title='bbox 580 4920 765 4999; x_wconf 74' lang='lat' dir='ltr'><strong>solvendi·</strong></span> <span class='ocrx_word' id='word_1_407' title='bbox 792 4927 894 5000; x_wconf 88' lang='lat' dir='ltr'><strong>simul</strong></span> <span class='ocrx_word' id='word_1_408' title='bbox 921 4937 958 5004; x_wconf 89' lang='lat' dir='ltr'><strong>et</strong></span> <span class='ocrx_word' id='word_1_409' title='bbox 984 4929 1097 5007; x_wconf 91' lang='lat' dir='ltr'><strong>semel</strong></span> <span class='ocrx_word' id='word_1_410' title='bbox 1123 4932 1157 5005; x_wconf 91' lang='lat' dir='ltr'><strong>in</strong></span> <span class='ocrx_word' id='word_1_411' title='bbox 1183 4942 1368 5007; x_wconf 86' lang='lat' dir='ltr'><strong>numerata</strong></span> <span class='ocrx_word' id='word_1_412' title='bbox 1393 4941 1429 5007; x_wconf 89' lang='lat' dir='ltr'><strong>et</strong></span> <span class='ocrx_word' id='word_1_413' title='bbox 1446 4942 1575 5032; x_wconf 87' lang='lat' dir='ltr'><strong>parata</strong></span> <span class='ocrx_word' id='word_1_414' title='bbox 1592 4933 1747 5033; x_wconf 89' lang='lat' dir='ltr'><strong>pecunia</strong></span> <span class='ocrx_word' id='word_1_415' title='bbox 1763 4933 1796 5006; x_wconf 92' lang='lat' dir='ltr'><strong>iu</strong></span> <span class='ocrx_word' id='word_1_416' title='bbox 1815 4929 2118 5008; x_wconf 87' lang='lat' dir='ltr'><strong>Wratislauia</strong></span> 
     </span>
    </p>
   </div>
   <div class='ocr_carea' id='block_1_12' title="bbox 0 0 2319 5764">
    <p class='ocr_par' dir='ltr' id='par_1_12' title="bbox 0 0 2319 5764">
     <span class='ocr_line' id='line_1_41' title="bbox 0 0 2319 5764; baseline 0 0"><span class='ocrx_word' id='word_1_417' title='bbox 0 0 2319 5764; x_wconf 95' lang='lat' dir='ltr'><strong> </strong></span> 
     </span>
    </p>
   </div>
  </div>
 </body>
</html>
