4634 5762
387 495 460 579 lbb
876 497 1088 573 Urbanum
1144 497 1369 570 CXXVIII.
1398 497 1581 570 cxxlx.

488 707 616 798 Fama,
642 728 713 804 que
729 725 799 780 nuo
816 703 863 776 ab
876 702 950 775 'uuo
968 699 1039 776 sed
1056 726 1080 776 a
1095 701 1256 802 pluribus
1279 701 1392 776 certis
1414 695 1582 801 procedit
1604 697 1811 774 actoribus
1834 697 2079 776 intelleairaaa

384 807 578 900 mimine,
605 799 872 908 quodquidam,
897 804 1045 905 'maligni
1069 805 1216 906 spiritus
1240 803 1339 881 ducti
1363 803 1532 895 consilio,
1560 812 1598 877 ut
1621 799 1806 880 derebus
1829 802 1995 880 metuas
2017 802 2078 880 Ia·

384 911 569 993 cidutaibi
585 909 746 1014 predam,
773 911 927 984 nittmmr
943 909 978 982 in
997 921 1120 985 caseo
1139 907 1531 999 Otmuubuuiensi‚
1559 903 1655 1007 quod
1679 917 1738 982 est
1763 907 1930 1008 speciale
1954 919 2077 987 nom

384 1019 560 1106 ecclesie,
588 1041 654 1091 nus
671 1015 824 1106 vallare,
851 1011 957 1113 quod,
984 1013 1068 1113 quia
1084 1014 1162 1089 lieri
1179 1037 1400 1112 nequaquam
1417 1023 1540 1114 potest
1564 1009 1634 1086 nisi
1657 1009 1824 1088 eeclesia
1849 1023 1974 1086 nusua
1990 1035 2078 1112 gra·

383 1148 465 1200 vem
483 1119 647 1224 paciatur
662 1117 823 1219 injuriam
842 1121 1083 1216 ejecturam,
1110 1142 1190 1208 nus,
1217 1117 1276 1216 qui
1294 1141 1362 1190 non
1381 1113 1555 1192 debemus
1573 1112 1787 1190 deteriorem
1806 1114 1970 1192 ecclesie
1987 1139 2077 1194 con·

385 1227 562 1304 dicionem
579 1224 718 1316 facere,
745 1221 914 1298 volentes
932 1233 1096 1320 quantum
1114 1221 1217 1296 nubis
1236 1231 1295 1296 est
1312 1219 1488 1321 possibile
1503 1215 1708 1319 hujusmodi
1722 1217 1898 1320 periculis
1915 1219 2093 1310 obviare,-

384 1332 507 1434 primo‚
535 1325 697 1405 secundo
716 1337 753 1403 et
771 1326 884 1402 tercio
902 1327 1139 1427 peremptorie
1158 1349 1338 1400 monemus
1361 1347 1486 1399 omnes
1504 1334 1542 1398 et
1566 1321 1742 1422 singulus,
1770 1322 1828 1422 qui
1847 1336 1976 1398 terram
1993 1322 2076 1399 Ot-

385 1433 747 1511 mucbcnieusem
764 1429 943 1505 hostiliter
959 1431 1092 1506 intrare
1109 1440 1282 1505 conantur
1299 1431 1374 1527 (et)
1398 1423 1552 1502 iusidias
1577 1451 1712 1528 ponere
1733 1425 1804 1527 ipsi
1823 1438 1957 1518 castro,
1984 1451 2076 1528 qua·

385 1554 490 1616 tenus
514 1537 643 1636 iniquis
666 1530 952 1635 cogitaciunibus
975 1534 1187 1625 refrenatis,
1220 1529 1316 1632 quud
1341 1533 1479 1631 absque
1503 1543 1659 1632 peccato
1684 1543 1862 1630 nequeunt
1885 1531 2076 1630 perlicere,

384 1641 560 1718 videlicet
583 1664 650 1714 nus
675 1641 710 1714 in
736 1649 858 1714 castro
875 1638 1015 1714 vallare
1034 1649 1071 1714 et
1088 1662 1149 1714 res
1169 1635 1332 1714 ecclesie
1350 1633 1506 1737 diripere
1523 1659 1592 1710 nun
1611 1645 1830 1736 attemptent.
1865 1633 1919 1710 m
1936 1647 1974 1709 ot
1990 1659 2076 1736 pre·

385 1746 626 1848 sumpciunem
653 1766 723 1842 que
745 1740 912 1844 predicta
936 1753 1019 1816 sunt
1035 1752 1248 1842 attemptare
1265 1739 1467 1817 volentium
1483 1737 1544 1815 vel
1568 1735 1828 1828 mandacium,
1852 1763 1917 1838 per
1940 1761 2075 1815 censu·

384 1847 460 1926 ra'm
478 1847 771 1927 ecclesiasticam
798 1847 1040 1946 reprimamus,
1067 1869 1190 1920 ornnes
1209 1854 1247 1920 et
1265 1843 1440 1942 singulos,
1469 1842 1527 1942 qui
1549 1866 1618 1918 nos
1642 1843 1819 1919 incastro
1838 1839 2077 1918 Otmuolto·

385 1953 532 2031 triensi
549 1952 690 2027 vallare
708 1963 747 2027 et
763 1951 798 2024 in
817 1949 992 2026 territorio
1011 1947 1175 2048 ejusdem
1195 1949 1306 2026 castri
1330 1947 1496 2022 insultum
1521 1945 1674 2046 aliquem
1697 1947 1825 2024 lacere
1841 1969 2075 2048 presumpse-

386 2059 453 2134 rint
478 2081 621 2134 exnunc
644 2065 747 2155 prout
771 2065 905 2130 extunc
930 2054 965 2128 in
990 2053 1061 2127 hiis
1080 2051 1226 2152 scriptis
1244 2051 1631 2129 excommunicacionis
1648 2051 1838 2126 sentencia
1854 2048 2075 2126 innodamus.

385 2161 439 2239 tn
455 2161 617 2261 quoniam
633 2181 700 2260 per
716 2155 946 2233 mandatores
964 2181 1030 2234 seu
1050 2155 1277 2234 eorrsiliarios
1295 2166 1471 2255 tamquam
1488 2165 1658 2232 auctores
1675 2155 1712 2230 in
1727 2152 1972 2231 mandatarius
1989 2179 2076 2256 pra·

385 2265 603 2368 sumpcionis
627 2263 811 2338 temeritas
835 2259 1028 2353 derivatur,
1056 2259 1404 2338 excommunicamus
1431 2258 1546 2336 eciam
1563 2258 1599 2333 iu
1623 2259 1694 2334 hiis
1712 2259 1860 2360 scriptis
1879 2284 1971 2351 eum,
1997 2258 2077 2360 qui·

387 2393 525 2469 cunque
542 2369 605 2443 ille
624 2378 700 2458 est,
728 2370 834 2466 cnjus
849 2363 1019 2440 ‘mandatu
1036 2365 1098 2441 vel
1117 2363 1267 2440 consiliu
1287 2363 1357 2440 hee
1375 2387 1444 2464 que
1485 2363 1686 2438 remisimus
1702 2363 1737 2438 in
1755 2361 1992 2465 prejudicium
2009 2386 2077 2440 ec·

387 2475 503 2550 clesie
520 2471 650 2548 luerint
667 2481 888 2570 attemptata.
913 2469 1098 2568 Rogamus
1116 2470 1224 2567 igitur
1239 2492 1309 2543 vus
1327 2389 1595 2556 amandemus,
1615 2479 1653 2542 ut
1665 2467 1761 2543 banc
1774 2467 1997 2544 sentenciam
2008 2491 2077 2544 aa·

386 2573 496 2652 atram
525 2587 684 2651 materno
713 2571 896 2676 ydiumate
920 2573 1051 2675 populu
1076 2571 1205 2648 diebus
1230 2569 1417 2649 dominicis
1435 2571 1611 2648 continuis
1630 2571 1840 2672 exponatis,
1867 2569 2013 2670 nequis
2029 2593 2075 2648 ae

385 2691 553 2784 pretextu
570 2679 779 2778 ignorauoie
796 2677 920 2753 valeat
937 2701 1132 2755 excusare.
1176 2677 1309 2752 Datum
1328 2673 1601 2768 Otmuehovv,
1628 2673 1717 2750 llll.
1735 2673 1884 2752 kalend.
1903 2673 2074 2776 Septem·

386 2785 460 2860 bris
479 2807 571 2860 anno
589 2793 660 2858 etc.

489 2884 670 2987 Ejusdem
693 2884 829 2961 tenuris
851 2884 967 2960 missa
992 2895 1051 2960 est
1076 2883 1196 2960 littera
1212 2881 1262 2960 de
1285 2909 1317 2957 s.
1335 2881 1481 2958 illaria
1503 2879 1786 2983 Magdalena
1802 2893 1887 2958 ets.
1904 2880 2073 2958 lllliaa·

387 2992 492 3069 betlr
509 2990 674 3092 plebanis
692 2987 1170 3066 Wratislauieosibus.

251 3301 370 3444 ⁰³¹5ss
414 3403 454 3479 h·
488 3301 596 3480 litam,
623 3303 737 3378 mima
761 3313 820 3378 est
841 3301 909 3376 sub
932 3301 1006 3376 ista
1029 3300 1144 3374 forma
1169 3299 1289 3374 littera
1312 3295 1404 3372 dom.
1428 3321 1524 3399 pape
1549 3307 1720 3400 exparte
1737 3295 1869 3400 synodi
1886 3295 1935 3375 de
1952 3297 2076 3374 haa-

344 3425 353 3456 ’
386 3429 408 3482 c
445 3431 488 3484 rc
516 3429 550 3481 a.

251 3457 293 3513 ιδ’
309 3462 370 3512 ³⁸³⁸
488 3507 728 3586 sanctissimo
759 3507 852 3608 patri
883 3517 921 3582 et
950 3504 1043 3581 dum.
1074 3501 1276 3582 reverendo
1299 3503 1510 3598 Martino,
1551 3501 1675 3579 divina
1696 3502 1932 3606 providencia
1948 3525 2076 3580 saeros

386 3625 515 3689 sancte
533 3613 728 3686 Romane
746 3610 910 3688 ecclesie
927 3631 1061 3684 aummo
1078 3608 1248 3710 pontifici,
1274 3607 1497 3701 Iacobus,
1525 3605 1561 3684 d.
1580 3633 1633 3708 gr.
1653 3634 1685 3684 s.
1704 3607 2076 3686 Gnenneasia'eo·

387 3717 503 3795 elesie
522 3715 695 3816 archiep,
713 3714 883 3789 Paulus
901 3711 1245 3804 Cracuuiensis,
1262 3713 1289 3788 J
1297 3712 1496 3788 ohannes
1514 3711 1863 3804 Puznanieusis,
1882 3711 2076 3788 thonas

385 3819 630 3897 Plucensis
663 3829 701 3894 et
726 3817 935 3892 Wislaus
967 3814 1412 3909 Wladislaniensis‚
1447 3813 1611 3916 ejusdem
1642 3816 1881 3894 miseracione
1912 3811 2076 3918 episcopi

413 3921 520 4001 edum
538 3920 666 3998 oscula
683 3923 877 3998 beatorum.
911 3919 1003 4002 Cum
1022 3921 1187 3998 eeclesia
1204 3919 1399 3996 llumana
1424 3931 1537 3996 mater
1554 3920 1701 3996 omnium
1720 3934 1758 3998 et
1776 3921 1948 4020 magistra
1964 3918 2076 3995 tribu·

386 3951 472 4104 latis
491 4025 665 4105 ecelesiis
687 4037 727 4102 et
752 4025 899 4104 afflictis
924 4023 974 4101 ad
992 4023 1105 4100 sinum
1122 4023 1238 4126 ipsius
1255 4023 1520 4101 recurrentibus
1546 4024 1655 4100 sulita
1678 4025 1898 4125 benignitate
1923 4047 2076 4100 succur-

302 4213 307 4225 ,
339 4154 342 4171 ·
388 4155 468 4209 rere
486 4130 717 4209 consueverit
732 4129 937 4206 visceribus
953 4129 1113 4231 pietatis,
1140 4153 1208 4203 nos
1233 4129 1488 4230 compassione
1510 4126 1610 4206 ducti
1632 4153 1745 4231 super
1766 4127 1963 4205 miserabili
1978 4137 2075 4204 stata

389 4234 706 4312 ecclesieWrat.
725 4245 848 4310 nostre
865 4233 1060 4335 provincie,
1086 4234 1201 4334 ipsum
1219 4243 1352 4308 statum
1367 4232 1552 4308 sancdtafi
1576 4245 1701 4310 vestre
1728 4233 1887 4333 cogimur
1902 4231 2074 4308 intiunra

389 4335 479 4415 Cum
497 4341 588 4416 enim
607 4363 775 4414 essemus
791 4338 826 4414 in
844 4337 1098 4414 Lanchicia
1116 4360 1227 4438 nuper
1243 4337 1278 4410 in
1296 4336 1507 4437 provinciali
1519 4333 1661 4438 syrmdu
1675 4336 1900 4437 congregati,
1914 4335 1950 4410 iu
1963 4335 2076 4438 prina

388 4441 540 4519 accione
558 4442 661 4518 nobis
678 4443 763 4517 inibi
780 4439 1022 4517 residentibus
1039 4440 1258 4517 venerabilis
1276 4438 1388 4517 frater
1404 4451 1528 4517 noster
1544 4439 1706 4539 dominos
1724 4441 1920 4517 Thomas
1937 4439 2073 4512 Wrat.

389 4546 646 4726 ttntttlt‘
663 4544 1410 4750 steinenbrunnen
1427 4541 2075 4750 liliillllilssilabbii

490 4749 575 4827 Nus
602 4749 709 4849 igitur
738 4747 1042 4852 seientes,'quod
1066 4747 1196 4830 eedem
1220 4704 1481 4832 sentencie’ex
1498 4751 1636 4852 justis,
1656 4751 1841 4854 legittimis
1868 4763 1905 4828 et
1929 4742 2076 4830 notoriis

388 4855 513 4932 causis
537 4853 803 4932 racionabiliter
826 4868 928 4933 erant
950 4857 1037 4949 late,
1063 4857 1167 4956 ipsas
1192 4858 1400 4934 sentencias
1425 4867 1526 4944 ratas
1547 4852 1737 4934 babentes·
1751 4881 1816 4959 per
1832 4855 2075 4948 reparabilem

387 4959 532 5036 fratrem
556 4968 711 5034 nostrum
735 4957 909 5036 domiuum
931 4959 1190 5059 W(islaum)
1216 4983 1274 5061 ep.
1300 4959 1728 5040 Wladislauienaem
1750 4961 1898 5038 numme
1921 4959 2072 5037 omnium
2156 4977 2158 4982 ’
