4660 5762
417 479 497 558 m
1028 479 1241 554 Urbndea
1295 477 1506 552 oemr.

418 707 538 774 corr,
569 681 770 760 Nicolao
794 677 845 758 de
862 677 1143 759 Crisauouin
1168 693 1208 760 et
1224 679 1431 760 Conrado
1456 679 1508 759 de
1522 675 1854 781 Bissopbrrald
1878 679 2119 759 aedom

418 787 621 866 rectoribus
644 795 684 862 et
705 785 790 862 aliis
815 783 947 860 multis

523 1195 626 1290 lton,
652 1197 724 1276 iste
748 1197 869 1273 littere
894 1196 1007 1272 nisse
1032 1207 1116 1270 suut
1140 1218 1207 1296 per
1231 1191 1406 1269 dominu·
1422 1191 1674 1270 Jobanmen
1707 1188 1759 1268 de
1782 1189 2044 1270 Sobocisob
2069 1190 2120 1268 ad

420 1301 556 1382 mian
580 1301 616 1376 in
641 1297 704 1378 die
729 1325 762 1376 s.
788 1299 962 1374 Floriani.
1015 1299 1136 1374 Primo
1160 1299 1334 1398 magistro
1360 1293 1543 1373 Andree
1568 1307 1609 1372 et
1632 1291 1728 1388 don,
1754 1296 2016 1372 Laureacio
2041 1296 2118 1372 sic:

251 1409 395 1466 wm-
523 1403 713 1480 Noveritis
739 1399 835 1503 quod
852 1399 946 1496 dorp.
963 1402 1229 1492 Bolezlaus,
1256 1399 1332 1475 dux
1349 1398 1398 1476 de
1415 1397 1544 1500 Opol,
1571 1409 1610 1475 et
1626 1395 1721 1473 dom.
1737 1398 1976 1475 Jolraaues
1992 1399 2118 1474 ldus·

272 1475 382 1601 ffi,
420 1517 545 1598 catu,
571 1517 696 1584 noster
720 1505 919 1584 canouicus
939 1517 978 1581 et
994 1503 1134 1581 arcbid.
1152 1503 1510 1580 Lancbioieusis
1540 1527 1591 1580 ex
1615 1513 1721 1603 parte
1745 1499 1853 1578 duris
1870 1502 2027 1593 Wrat,
2052 1526 2118 1579 se·

267 1629 386 1688 aruns
420 1607 542 1689 rumda
566 1609 659 1686 t’eria
683 1609 848 1710 proxima
872 1619 956 1710 post
981 1607 1194 1686 dominicam
1219 1607 1468 1686 lleminisceoe
1492 1603 1545 1681 ad
1569 1629 1638 1680 nos
1662 1606 1698 1679 in
1725 1605 1943 1681 ltatbibor
1967 1605 2117 1682 votau-

419 1726 491 1806 tes,
518 1736 569 1790 ex
593 1725 698 1814 parte
724 1710 890 1811 ejusden
916 1709 1116 1790 ducissas
1152 1723 1371 1809 rogaremur
1406 1721 1445 1786 et
1469 1709 1631 1784 omuibus
1656 1706 1774 1784 modis
1799 1709 1928 1808 quibus
1952 1721 2118 1809 poteraut

418 1815 633 1908 institerunt,
660 1827 699 1890 ut
724 1839 835 1916 super
860 1811 1058 1890 concordia
1084 1825 1122 1890 et
1147 1839 1242 1914 paee
1268 1815 1361 1889 inter
1385 1837 1453 1888 nos
1479 1836 1530 1888 ex
1556 1822 1660 1912 parte
1684 1837 1756 1886 uua
1773 1825 1812 1888 et
1828 1809 1957 1888 ducem
1974 1811 2116 1889 Wrat

421 1943 472 1996 ex
498 1919 627 2012 altera,
658 1941 770 2019 super
802 1927 898 1992 stam
934 1917 1099 1994 ecclesie
1124 1927 1248 1992 nostre
1275 1917 1417 1990 Wrat
1444 1931 1482 1992 et
1512 1915 1622 1992 rebus
1647 1915 1732 1990 aliis
1756 1939 1807 1992 ac
1828 1914 1968 2014 'nujuriis
2001 1915 2116 2004 uobis,

421 2023 609 2100 manicis
635 2021 768 2096 neseis
793 2031 832 2098 et
856 2021 921 2095 toti
947 2019 1047 2096 clero
1072 2031 1143 2094 tam
1169 2020 1330 2096 seculari
1362 2043 1469 2118 quum
1493 2018 1667 2118 τοΙὶςὶοεο
1691 2017 1821 2108 illsds,
1856 2015 2055 2094 unimode
2078 2033 2117 2092 et

420 2125 574 2202 finaliter
598 2122 772 2202 facienda
796 2147 876 2200 cum
902 2123 1035 2198 uostris
1061 2122 1248 2198 canoncie
1281 2133 1319 2198 et
1350 2121 1434 2196 aliis
1459 2145 1551 2220 quos
1586 2122 1623 2196 in
1655 2121 1727 2200 boc
1752 2122 1908 2221 megum
1939 2121 2117 2198 vellem

420 2228 557 2306 babere
582 2228 618 2302 in
636 2225 752 2328 (lpol
778 2224 1006 2316 deberemus,
1033 2249 1112 2302 cum
1136 2225 1253 2302 eciam
1279 2222 1373 2300 idem
1399 2222 1476 2298 dux
1494 2224 1920 2316 Wratinlanieusis,
1947 2237 1986 2298 ut
2009 2221 2116 2301 iidem

421 2329 499 2408 dux
525 2329 799 2432 opoliensis
825 2337 863 2406 et
890 2325 1029 2405 archid.
1057 2326 1416 2406 Lancbioiensis
1442 2329 1670 2420 asserebant,
1696 2325 1828 2406 ibidem
1853 2329 1890 2404 in
1908 2325 2021 2429 Opol
2047 2325 2116 2404 de·

422 2432 605 2512 scendere
636 2431 877 2536 personaliter
909 2433 1147 2534 promittebat
1207 2432 1291 2507 Nos
1322 2455 1430 2523 vero,
1464 2455 1592 2532 pacem
1626 2431 1791 2509 ecclesie
1816 2443 1940 2508 nostre
1965 2427 2116 2508 deside·

421 2549 547 2614 raritas
573 2551 610 2612 et
634 2537 750 2637 ipsius
776 2547 906 2612 statum
939 2533 1135 2614 credentes
1170 2559 1285 2635 posse
1315 2535 1350 2608 in
1384 2534 1512 2610 nebus
1537 2533 1723 2612 reformari
1757 2547 1798 2613 et
1821 2535 2115 2612 satisfaccione·

380 2635 388 2646 '
422 2635 651 2740 dampnorum
676 2653 886 2740 sperantes,
923 2651 960 2713 ut
983 2636 1091 2716 iidem
1117 2635 1307 2730 dicebaut,
1342 2639 1508 2739 recipere
1534 2651 1806 2740 competentem,
1833 2661 2027 2738 cosmam
2052 2661 2116 2738 pro

422 2742 562 2840 magnis
588 2742 883 2842 oppressionibus
909 2753 948 2818 et
973 2739 1205 2841 condignam,
1241 2739 1435 2818 eorundem
1467 2742 1706 2842 peticionibus
1738 2742 1899 2818 summus
1932 2741 2049 2843 parati
2080 2740 2116 2816 in

423 2841 535 2946 0pol
562 2841 793 2966 descendere
814 2855 858 2967 ‘et
882 2844 1006 2922 venire
1031 2869 1142 2946 super
1166 2845 1332 2944 negociis
1349 2856 1472 2966 nostre
1489 2845 1654 2968 ecclesie
1670 2841 1892 2937 ordinandis,
1917 2845 2114 2965 itatanep,

422 2944 963 3152 tl‘lltut'tl'tttttl
974 2947 1193 3128 'dm'
1213 2945 2116 3151 ‚bdtlllltlffllblffltllltt

420 3155 636 3230 moronus
666 3155 888 3231 interessent
918 3155 964 3230 ab
997 3153 1127 3232 eodem
1159 3152 1256 3231 doce
1284 3155 1424 3230 Wrat.
1457 3155 1561 3231 nobis
1594 3167 1632 3232 et
1656 3156 1924 3232 venerabilibus
1955 3155 2116 3256 patribus

422 3254 599 3358 predictis
626 3267 664 3334 et
689 3259 876 3334 canonicis
902 3259 1035 3332 nostris
1061 3258 1255 3334 sufficienti
1282 3259 1480 3334 securitate
1506 3255 1595 3334 data
1619 3258 1865 3360 principaliter
1889 3271 1928 3335 et
1957 3259 2114 3334 obtenta

289 3379 367 3450 raet,
526 3357 609 3450 Qua
633 3355 774 3458 quidem
800 3360 998 3436 securitate
1025 3385 1091 3460 per
1115 3357 1209 3435 dom.
1237 3358 1647 3438 dooemBolczlaum
1673 3385 1739 3462 pro
1764 3363 1868 3438 uobis
1893 3373 1932 3437 et
1957 3362 2115 3446 omnium

262 3449 307 3508 ²⁹·
323 3453 407 3506 ’Μ
424 3457 645 3560 supradictis
670 3461 936 3538 venerabilibus
1011 3463 1123 3538 tribus
1149 3473 1188 3538 et
1211 3461 1361 3538 dominis
1378 3475 1602 3564 presentata,
1627 3465 1663 3538 in
1681 3465 1842 3564 proxino
1859 3467 2013 3540 sabbato
2029 3477 2114 3540 arrte

424 3557 636 3640 dominicam
653 3563 855 3638 Palmarum
879 3564 915 3638 in
942 3485 1058 3684 ὀΐω
1083 3566 1257 3658 venimus,
1284 3592 1352 3643 nos
1379 3577 1417 3642 et
1442 3579 1599 3644 nostram
1624 3567 1792 3644 familiam
1818 3566 1867 3646 de
1891 3567 2117 3644 Ratbibor

423 3661 474 3742 ad
507 3663 624 3740 locum
674 3665 823 3742 relatum
850 3664 1015 3768 predicto
1048 3665 1141 3744 dom.
1171 3667 1267 3746 duce
1300 3670 1564 3767 B(olezlao)
1597 3669 1633 3746 in
1666 3695 1826 3773 persona
1850 3672 1994 3774 propria
2027 3695 2115 3748 oon·

424 3765 594 3889 decepte.
692 3779 706 3844 t
738 3769 787 3844 ibi
819 3792 899 3846 cum
931 3767 1123 3847 &ventum
1158 3769 1251 3894 dom.
1272 3770 1392 3893 ‘ducis
1418 3773 1833 3895 Wratiulaniensis
1864 3785 1969 3877 prout
1993 3773 2117 3896 venire

422 3871 1907 4096 ttltjll.{emble,illstlltttnbllt‚“luz''”ltl
1926 3875 2117 4084 Ἥ

425 4075 703 4170 Zambrensr,
736 4077 929 4182 Symone
962 4080 1169 4174 Gallico,
1204 4084 1408 4161 ilenrico
1441 4083 1514 4160 lilio
1541 4083 1805 4178 Tbemonis,
1839 4086 2019 4164 Jacobo
2042 4083 2116 4159 filio

426 4177 617 4302 Gosuini
642 4183 810 4260 militibus
835 4195 873 4260 et
898 4185 1037 4261 nunciis
1063 4183 1217 4286 predicti
1245 4184 1353 4265 ducis
1382 4188 1545 4290 proxima
1569 4187 1735 4288 sequenti
1767 4189 1884 4266 tercia
1907 4187 2001 4265 leria
2034 4199 2118 4289 post

275 4286 300 4342 ¹·
319 4293 402 4356 spru
426 4277 636 4406 domumcanq
662 4285 862 4363 Palmarum
893 4289 929 4363 in
956 4287 1051 4390 Opol
1076 4287 1126 4364 ad
1151 4315 1218 4366 nos
1244 4291 1354 4384 venit,
1379 4289 1555 4391 predictis
1581 4291 1846 4370 honorabilibus
1871 4292 1971 4383 viris,
1998 4288 2116 4369 Cra·

425 4405 637 4559 poniensi
664 4390 1028 4513 0‘..¹'⁰²¹¹⁸¹¹.l⁶l⁵³
1055 4393 1240 4515 euiscopis
1265 4391 1316 4470 ad
1332 4395 1508 4496 prelatum
1524 4395 1642 4516 locum
1659 4419 1728 4518 non
1744 4393 2019 4486 accedentibus,
2037 4394 2117 4470 suis

427 4499 1075 4694 teltrttltlzltlltmlt
1099 4495 1273 4702 led
1288 4497 2117 4701 terentesn-”eltnensis

427 4683 532 4810 drrpis
550 4691 688 4770 Wrat.
716 4723 834 4820 cqram
862 4699 965 4776 uobis
991 4713 1029 4778 et
1045 4703 1243 4778 venerabili
1268 4714 1371 4804 patre
1389 4700 1483 4778 dom.
1502 4699 1780 4808 archiepiscopo
1798 4715 1836 4782 et
1852 4703 2116 4781 Zombiensi

427 4811 601 4910 episcopo
634 4821 680 4876 ac
707 4823 823 4878 eoram
847 4800 941 4880 dom.
976 4801 1072 4882 duce
1098 4803 1342 4906 Opoliensi
1376 4806 1559 4882 constituti
1584 4805 1783 4910 predictum
1815 4806 1946 4886 ducem
1971 4807 2115 4882 Wrat.

427 4891 626 4972 nitebantur
651 4903 895 5002 quoquomodo
920 4905 1017 5008 quod
1041 4909 1166 4986 venire
1192 4931 1260 4984 non
1286 4921 1428 5011 poterat
1453 4933 1653 5004 excusare,
1679 4912 1714 4988 in
1741 4935 1866 4992 manus
1890 4909 1983 4988 dom.
2009 4908 2116 4988 ducis
