4594 5774
847 519 1057 596 urum
1121 521 1280 596 eccur.
1374 510 1376 526 ‘
1808 497 1909 604 'aas

218 729 439 826 quibuslibet
459 727 760 826 gravaminibus,
792 751 1005 825 poenaque
1036 732 1180 802 momine
1212 738 1432 802 carcanum·
1459 724 1553 802 dom.
1580 723 1687 806 ducis
1711 728 1844 830 prelati
1868 737 1908 808 et

217 852 378 921 suorum,
413 828 588 932 ipsosque
620 827 840 904 absolvimus
874 841 912 906 et
937 828 1240 906 obsoletassent
1266 827 1492 906 decemimus
1518 831 1564 904 ab
1590 831 1749 907 omnibus
1775 857 1906 936 supra-

217 929 345 1022 dictis,
377 957 448 1011 nec
479 933 549 1034 ipsi
581 927 667 1008 duci
698 931 759 1039 rpl
791 932 869 1006 suis
902 955 970 1008 suo
1002 933 1143 1010 nomine
1175 931 1289 1012 teneri
1322 943 1384 1008 aut
1409 930 1546 1012 debere
1577 934 1612 1008 in
1645 933 1819 1036 predictis
1844 935 1906 1016 vel

218 1059 340 1113 comm
382 1037 502 1138 aliquo
540 1033 782 1137 respondere,
825 1045 1028 1112 statuentes
1066 1047 1175 1136 atque
1215 1034 1428 1113 mandantes
1469 1038 1708 1116 submissione
1747 1041 1907 1142 sepetau

217 1141 475 1242 compromissi,
502 1135 598 1239 quod
624 1137 717 1214 dom.
745 1136 821 1212 dux
846 1139 1011 1240 prelatus
1036 1163 1108 1216 nec
1132 1165 1199 1242 per
1223 1165 1268 1217 se
1294 1163 1364 1217 nec
1389 1165 1456 1242 per
1480 1165 1570 1216 suros
1592 1166 1616 1217 a
1638 1141 1747 1220 dictis
1774 1145 1905 1221 civita·
2047 1146 2056 1164 ⁸

215 1245 323 1336 tibus,
351 1245 496 1334 castris,
524 1240 655 1344 opidis,
680 1241 778 1317 milis
795 1242 876 1318 sive
893 1241 1114 1320 districtibus
1132 1244 1191 1320 vel
1217 1245 1476 1320 habitatoribus
1501 1243 1694 1322 eorundem
1718 1245 1905 1348 quidquam

214 1361 353 1452 petere,
381 1348 533 1447 exigere
552 1358 615 1424 eut
639 1357 855 1446 extorquere
881 1345 962 1423 sive
987 1348 1152 1450 recipere
1176 1373 1245 1450 per
1269 1373 1313 1425 se
1340 1361 1377 1426 et
1402 1373 1490 1424 suos
1516 1373 1585 1426 non
1611 1351 1729 1451 possit
1747 1375 1817 1428 nec
1834 1350 1904 1430 de-

217 1453 303 1530 beat
326 1475 392 1553 per
417 1449 555 1542 domm,
591 1450 804 1526 violenciam
838 1473 904 1526 sen
930 1449 1111 1545 fraudem,
1144 1453 1449 1530 machinacionem
1474 1455 1534 1529 vel
1564 1467 1677 1530 artem
1709 1479 1904 1554 quamcun-

216 1579 297 1658 que,
325 1556 443 1634 eciam
468 1555 667 1629 imminente
693 1555 918 1631 necessitate
943 1555 1089 1656 publica
1104 1555 1165 1632 uel
1190 1557 1344 1660 priuata,
1370 1557 1405 1632 iu
1433 1557 1560 1656 quibus
1585 1557 1744 1632 omnibus
1771 1569 1809 1633 et
1826 1559 1904 1634 sin-

216 1659 311 1760 gubs
337 1657 541 1761 sepedictis
565 1658 725 1733 noscitur
750 1659 969 1735 excessisse
995 1657 1088 1734 dom.
1116 1657 1190 1734 dnx
1217 1673 1430 1738 memoratus
1455 1661 1490 1735 in
1516 1660 1749 1763 prejudicium
1777 1662 1904 1739 eccle-

215 1763 366 1840 siastice
397 1760 574 1838 libertatis
606 1773 644 1836 et
674 1762 828 1838 maxime
861 1762 969 1854 illius,
1004 1787 1073 1863 qne
1107 1788 1174 1866 per
1209 1763 1302 1840 dom.
1335 1765 1574 1842 ilenricnm
1610 1765 1702 1841 bone
1736 1767 1904 1844 memorie

215 1865 390 1968 quondam
431 1861 559 1941 ducem
592 1863 784 1966 Slezye‚
819 1863 1052 1944 craeoute
1085 1879 1123 1944 et
1161 1866 1448 1945 Sandomirie
1486 1865 1730 1969 dominumque
1762 1869 1902 1946 Wrat.
2050 1879 2063 1958 ,’

215 1968 332 2048 cidem
366 1969 530 2047 ecclesie
564 1964 652 2044 data
685 1968 806 2044 extitit
836 1981 874 2046 et
905 1993 1088 2048 concessa
1122 1981 1161 2048 et
1190 1997 1257 2074 per
1290 1969 1416 2048 sedem
1450 1972 1685 2073 apostolicam
1718 1996 1767 2048 ex
1802 1987 1904 2052 certa

215 2075 379 2154 sciencia
404 2071 621 2165 confirmatu,
648 2084 687 2148 ut
710 2073 745 2150 iu
772 2073 990 2175 privilegiis,
1016 2075 1257 2152 instrumentis
1282 2087 1319 2152 et
1344 2075 1564 2154 rrrunirueutir
1591 2072 1756 2175 ejusdem
1774 2077 1901 2156 eccle-

215 2179 272 2256 sie
298 2175 518 2279 completius
545 2189 583 2252 ct
608 2178 823 2278 expressius
849 2179 1057 2270 continetur,
1093 2202 1162 2278 que
1191 2179 1398 2270 statuimus,
1431 2177 1673 2272 decernimus,
1700 2177 1901 2276 laudamus,

215 2281 423 2358 arbitramur
456 2292 494 2358 et
524 2281 685 2380 presenti
718 2281 861 2356 arbitrio
895 2278 1102 2369 diffinimus,
1136 2282 1170 2356 in
1204 2283 1362 2358 omnibus
1395 2293 1432 2358 et
1458 2283 1609 2382 siugulis
1641 2284 1698 2359 sic
1724 2285 1838 2360 teneri
1865 2296 1902 2362 ct

215 2385 466 2462 iuviolabiliter
491 2385 676 2460 observari
701 2407 767 2486 per
792 2382 923 2461 dictum
951 2383 1042 2460 doru.
1069 2383 1197 2462 ducem
1223 2385 1462 2462 Bolcouem
1496 2401 1533 2462 et
1557 2411 1623 2487 per
1648 2411 1737 2462 suos
1763 2390 1901 2466 nomine

216 2513 293 2580 suo,
322 2484 614 2589 quemadmodum
642 2487 792 2564 babetur
816 2487 851 2563 in
878 2487 1016 2566 eisdem
1042 2489 1252 2590 privilegiis,
1276 2490 1516 2566 instrumentis
1541 2500 1579 2566 et
1605 2491 1836 2568 munimentis.

318 2593 391 2667 Pro
419 2593 509 2667 bouo
536 2605 654 2668 antem
680 2592 786 2693 pacis
813 2601 850 2668 et
877 2589 1071 2668 concordie
1097 2593 1189 2668 iuter
1214 2594 1421 2694 episcopum
1448 2607 1485 2669 et
1503 2594 1691 2696 capitulum
1720 2595 1900 2672 eteocle

214 2699 302 2772 siam
330 2693 559 2797 supradictos
587 2705 624 2773 et
649 2693 742 2771 dom.
770 2693 898 2772 ducem
926 2697 1166 2774 Bolconeur
1203 2697 1375 2795 prelatum
1410 2721 1552 2774 exrrnnc
1587 2697 1727 2774 domino
1747 2703 1901 2800 juvante

213 2797 369 2877 tenende
395 2813 433 2876 et
458 2797 708 2876 inviolabiliter
733 2797 982 2892 observande,
1017 2811 1055 2874 ut
1085 2799 1120 2875 in
1179 2800 1353 2900 rivilegiis
1379 2797 1478 2877 dicte
1504 2803 1669 2894 ecclesie
1701 2813 1738 2880 et
1764 2803 1900 2879 enrolo-

214 2904 426 3006 gucionibus
451 2903 566 3004 ipsius
593 2903 733 3004 plenius
760 2903 976 2996 continetur,
1010 2903 1124 3006 ipsum
1152 2827 1244 2981 don.
1271 2904 1509 2980 Bolcouem
1543 2903 1671 2982 ducem
1699 2931 1722 2980 a
1747 2906 1899 2981 satissa-

216 3010 334 3086 ctione
359 3007 561 3106 injuriarum
590 3017 628 3082 et
654 3004 880 3106 dampnorum
906 3032 972 3110 per
997 3031 1076 3083 eum
1103 3004 1213 3084 etde
1239 3005 1406 3084 mandato
1433 3031 1499 3082 suo
1525 3007 1698 3084 illatorum
1724 3011 1758 3083 iu
1783 3009 1900 3084 colle·
1927 3053 1931 3062 ·

217 3111 306 3203 ctis,
340 3110 609 3202 exactionibus,
644 3109 923 3212 spoliacionibus
950 3120 987 3186 et
1010 3110 1282 3214 piscacionibus
1309 3113 1355 3188 ab
1380 3111 1578 3186 hominibus
1605 3111 1766 3189 ecclesie
1792 3135 1899 3189 rece-

237 3213 286 3290 tis
312 3237 450 3292 necnon
485 3223 522 3290 et
554 3215 762 3291 srrccisione
787 3213 956 3290 silvarum
983 3214 1164 3305 ecclesie,
1196 3239 1338 3314 qnorum
1373 3213 1598 3317 dampnorum
1632 3215 1818 3292 estimacio
1850 3212 1900 3292 ad

213 3241 334 3396 iiXX
361 3317 456 3393 milia
480 3341 676 3394 marcmnm
703 3319 843 3416 argenti
869 3329 907 3394 et
932 3318 1084 3421 amplius
1111 3341 1156 3395 se
1182 3315 1345 3400 extendit
1370 3327 1408 3395 ct
1433 3343 1457 3393 a
1482 3317 1761 3396 reedificacione
1788 3318 1899 3396 castri

214 3421 475 3500 (ltmucbow
501 3419 696 3508 reddimus,
722 3423 994 3523 pronunciamus
1021 3433 1059 3500 et
1083 3420 1235 3500 iacimus
1252 3421 1463 3512 absolutum,
1489 3422 1542 3498 ita
1557 3421 1740 3516 videlicet,
1767 3423 1800 3497 si
1823 3420 1898 3498 dux

212 3526 326 3618 idem,
369 3524 486 3600 statim
526 3538 611 3628 post
643 3524 976 3618 denunciacionem‚
1017 3525 1302 3603 uotilicacionem
1342 3549 1408 3604 aen
1440 3527 1718 3604 insinuacioneur
1751 3525 1897 3630 factam,

212 3631 296 3708 buie
324 3629 468 3720 arbitrio
494 3641 616 3706 rtostro
644 3629 870 3708 consenserit
887 3657 965 3708 cum
990 3631 1122 3708 ellectu
1149 3641 1188 3708 et
1213 3630 1473 3732 acceptaverit,
1501 3655 1569 3730 que
1595 3631 1629 3705 in
1655 3631 1736 3732 ipso
1755 3631 1898 3706 arbitrio
1965 3719 1970 3732 .

213 3736 435 3813 continentur
458 3731 644 3833 ipsumque
670 3735 749 3810 sine
775 3731 1011 3812 diminucione
1036 3734 1238 3836 promiserit
1263 3736 1459 3811 observare
1486 3758 1532 3810 ac
1558 3736 1738 3826 observet,
1766 3758 1836 3834 que
1862 3733 1897 3808 in

213 3863 258 3918 eo
285 3839 507 3916 eontinentur
539 3861 609 3914 nec
640 3837 676 3912 iu
709 3835 827 3938 aliquo
861 3837 1010 3917 articdu
1036 3838 1176 3915 venerit
1206 3863 1274 3916 seu
1306 3839 1427 3914 veniat
1451 3863 1518 3939 per
1543 3863 1587 3914 se
1615 3837 1674 3914 vel
1705 3862 1771 3939 per
1796 3861 1897 3930 suos,

212 3943 350 4020 nomine
377 3965 444 4016 suo
471 3951 596 4018 contra
622 3965 679 4016 ea.
732 3940 776 4017 Si
809 3965 897 4018 vero
933 3941 1009 4018 dux
1042 3941 1205 4044 prelatus
1237 3965 1306 4016 non
1334 3941 1534 4018 servaverit
1567 3940 1744 4016 arbitrium
1769 3941 1896 4043 ipsum,
2033 3975 2035 3981 ⁸

211 4047 273 4126 vel
300 4047 333 4122 si
358 4047 560 4122 servaverit
585 4042 776 4143 aliquando
802 4057 840 4120 et
863 4043 1087 4148 postmodum
1112 4068 1178 4146 per
1209 4069 1253 4122 se
1279 4044 1339 4119 vel
1366 4069 1454 4120 suos
1480 4045 1665 4145 infregerit
1688 4043 1789 4138 illud,
1816 4046 1897 4122 sive

212 4151 307 4228 alias
339 4147 469 4226 lecerit
501 4149 562 4226 vel
594 4147 734 4224 venerit
766 4159 890 4223 contra
918 4149 1052 4250 ipsum,
1087 4161 1221 4224 extunc
1251 4159 1336 4250 post
1369 4174 1470 4223 unum
1503 4173 1661 4225 mensem
1694 4146 1897 4226 immediate

212 4265 420 4352 sequentem
447 4253 661 4354 episcopus,
699 4251 951 4353 eapitnlnmet
978 4251 1143 4330 ecclesia
1168 4249 1378 4354 supradicta
1409 4249 1540 4328 dictum
1565 4251 1752 4353 pecuniam
1777 4249 1897 4328 XXX

211 4357 309 4434 milia
333 4379 526 4433 marcarum
561 4380 625 4458 pro
657 4367 839 4432 restrauro
871 4356 965 4455 (sic)
1000 4354 1245 4458 dampnorum,
1280 4353 1329 4430 ad
1362 4359 1467 4454 cujus
1499 4355 1719 4432 solucionem
1744 4353 1897 4434 eundem

211 4460 306 4538 dom.
337 4458 465 4537 ducem
500 4471 537 4538 et
562 4455 874 4538 reedilicacionem
908 4457 996 4536 dicti
1029 4459 1141 4538 castri
1168 4457 1428 4536 Otmuchow
1462 4482 1603 4536 exnunc
1634 4471 1736 4560 prout
1761 4470 1895 4538 extunc
2004 4505 2005 4508 κ

211 4591 278 4668 per
301 4565 373 4642 hoc
399 4573 554 4640 nostrum
580 4565 757 4640 arbitrium
783 4564 1005 4664 integraliter
1030 4560 1350 4664 condempnamus,
1384 4572 1510 4664 petere
1537 4573 1574 4638 et
1600 4562 1750 4662 exigere
1776 4564 1822 4638 ab
1848 4583 1895 4640 eo

211 4669 364 4773 possint,
398 4665 467 4742 nisi
499 4665 593 4743 idem
627 4669 840 4772 episcopus,
876 4667 1067 4771 capitulum
1091 4665 1152 4744 vel
1179 4665 1301 4743 clerus
1325 4666 1488 4742 venient
1520 4677 1644 4742 conus
1674 4667 1895 4746 sentenciam

211 4774 324 4850 nostri
350 4771 484 4848 arbitrii
511 4782 549 4848 et
573 4771 644 4848 boc
670 4770 814 4851 ostendi
838 4783 966 4875 posset
992 4783 1030 4850 et
1054 4769 1227 4871 legittime
1253 4769 1485 4873 comprobari.

314 4875 489 4952 Volumus
519 4886 704 4976 preterea,
744 4874 965 4969 ordinamus,
1004 4875 1211 4951 arbitramur
1242 4883 1349 4976 atque
1382 4872 1607 4966 mandamus,
1647 4871 1741 4973 quod
1774 4872 1893 4953 dictus

212 4980 305 5058 doru.
333 4979 424 5071 dux,
457 4989 645 5080 postquam
677 4979 878 5079 hujusmodi
912 4979 1087 5057 arbitrium
1121 4979 1189 5055 sibi
1214 4978 1425 5055 insinuatum
1451 4977 1511 5056 rel
1543 4975 1791 5055 denunciatum
1825 5001 1892 5054 seu
