<?xml version="1.0" encoding="UTF-8"?>
<!DOCTYPE html PUBLIC "-//W3C//DTD XHTML 1.0 Transitional//EN"
    "http://www.w3.org/TR/xhtml1/DTD/xhtml1-transitional.dtd">
<html xmlns="http://www.w3.org/1999/xhtml" xml:lang="en" lang="en">
 <head>
  <title>
</title>
<meta http-equiv="Content-Type" content="text/html;charset=utf-8" />
  <meta name='ocr-system' content='tesseract 3.04.00' />
  <meta name='ocr-capabilities' content='ocr_page ocr_carea ocr_par ocr_line ocrx_word'/>
</head>
<body>
  <div class='ocr_page' id='page_1' title='image "./urkundenzurgesc00stengoog_0364.png"; bbox 0 0 4594 5774; ppageno 0'>
   <div class='ocr_carea' id='block_1_1' title="bbox 750 501 1915 594">
    <p class='ocr_par' dir='ltr' id='par_1_1' title="bbox 750 501 1915 594">
     <span class='ocr_line' id='line_1_1' title="bbox 750 501 1915 594; baseline 0.009 -10"><span class='ocrx_word' id='word_1_1' title='bbox 750 509 961 585; x_wconf 80' lang='lat' dir='ltr'>Urlrartdeu.</span> <span class='ocrx_word' id='word_1_2' title='bbox 1016 507 1167 584; x_wconf 74' lang='lat' dir='ltr'><em>OELH.</em></span> <span class='ocrx_word' id='word_1_3' title='bbox 1198 507 1374 582; x_wconf 76' lang='lat' dir='ltr'><strong><em>GGLHI.</em></strong></span> <span class='ocrx_word' id='word_1_4' title='bbox 1747 501 1750 507; x_wconf 34' lang='lat'><em>¹</em></span> <span class='ocrx_word' id='word_1_5' title='bbox 1837 515 1915 594; x_wconf 68' lang='lat'>257</span> 
     </span>
    </p>
   </div>
   <div class='ocr_carea' id='block_1_2' title="bbox 213 708 1991 3078">
    <p class='ocr_par' dir='ltr' id='par_1_2' title="bbox 217 708 1914 1306">
     <span class='ocr_line' id='line_1_2' title="bbox 217 708 1914 821; baseline 0.003 -31"><span class='ocrx_word' id='word_1_6' title='bbox 217 711 364 792; x_wconf 73' lang='lat' dir='ltr'>brutuli</span> <span class='ocrx_word' id='word_1_7' title='bbox 392 709 709 788; x_wconf 72' lang='lat' dir='ltr'>consencientibus</span> <span class='ocrx_word' id='word_1_8' title='bbox 734 709 806 811; x_wconf 89' lang='lat' dir='ltr'>ipsi</span> <span class='ocrx_word' id='word_1_9' title='bbox 831 708 933 788; x_wconf 78' lang='lat' dir='ltr'>lucto</span> <span class='ocrx_word' id='word_1_10' title='bbox 958 709 1103 812; x_wconf 87' lang='lat' dir='ltr'>publice</span> <span class='ocrx_word' id='word_1_11' title='bbox 1129 722 1168 790; x_wconf 87' lang='lat' dir='ltr'>et</span> <span class='ocrx_word' id='word_1_12' title='bbox 1194 735 1389 814; x_wconf 85' lang='lat' dir='ltr'>expresse,</span> <span class='ocrx_word' id='word_1_13' title='bbox 1422 715 1650 814; x_wconf 68' lang='lat' dir='ltr'>presentibus</span> <span class='ocrx_word' id='word_1_14' title='bbox 1676 715 1793 794; x_wconf 72' lang='lat' dir='ltr'>edum</span> <span class='ocrx_word' id='word_1_15' title='bbox 1817 743 1914 821; x_wconf 87' lang='lat' dir='ltr'>pene</span> 
     </span>
     <span class='ocr_line' id='line_1_3' title="bbox 217 813 1913 918; baseline 0.004 -25"><span class='ocrx_word' id='word_1_16' title='bbox 217 815 378 893; x_wconf 74' lang='lat' dir='ltr'>cunibus</span> <span class='ocrx_word' id='word_1_17' title='bbox 406 814 596 892; x_wconf 73' lang='lat' dir='ltr'>baronibus</span> <span class='ocrx_word' id='word_1_18' title='bbox 629 825 726 890; x_wconf 89' lang='lat' dir='ltr'>terre</span> <span class='ocrx_word' id='word_1_19' title='bbox 768 825 806 890; x_wconf 93' lang='lat' dir='ltr'>et</span> <span class='ocrx_word' id='word_1_20' title='bbox 839 813 992 906; x_wconf 89' lang='lat' dir='ltr'>civibus,</span> <span class='ocrx_word' id='word_1_21' title='bbox 1027 838 1082 918; x_wconf 83' lang='lat' dir='ltr'>sc</span> <span class='ocrx_word' id='word_1_22' title='bbox 1100 815 1204 892; x_wconf 88' lang='lat' dir='ltr'>nobis</span> <span class='ocrx_word' id='word_1_23' title='bbox 1231 816 1347 894; x_wconf 82' lang='lat' dir='ltr'>eciam</span> <span class='ocrx_word' id='word_1_24' title='bbox 1372 813 1504 892; x_wconf 91' lang='lat' dir='ltr'>ibidem</span> <span class='ocrx_word' id='word_1_25' title='bbox 1529 821 1804 918; x_wconf 68' lang='lat' dir='ltr'>presencialiter</span> <span class='ocrx_word' id='word_1_26' title='bbox 1829 824 1913 900; x_wconf 87' lang='lat' dir='ltr'>exi-</span> 
     </span>
     <span class='ocr_line' id='line_1_4' title="bbox 218 914 1913 1026; baseline 0.004 -30"><span class='ocrx_word' id='word_1_27' title='bbox 218 917 397 996; x_wconf 83' lang='lat' dir='ltr'>stentibus</span> <span class='ocrx_word' id='word_1_28' title='bbox 428 930 466 996; x_wconf 90' lang='lat' dir='ltr'>et</span> <span class='ocrx_word' id='word_1_29' title='bbox 499 917 762 1018; x_wconf 65' lang='lat' dir='ltr'>quampluribus</span> <span class='ocrx_word' id='word_1_30' title='bbox 787 917 871 992; x_wconf 87' lang='lat' dir='ltr'>aliis</span> <span class='ocrx_word' id='word_1_31' title='bbox 897 914 946 994; x_wconf 87' lang='lat' dir='ltr'>de</span> <span class='ocrx_word' id='word_1_32' title='bbox 971 917 1116 1018; x_wconf 88' lang='lat' dir='ltr'>populu,</span> <span class='ocrx_word' id='word_1_33' title='bbox 1148 918 1292 996; x_wconf 79' lang='lat' dir='ltr'>fuerunt</span> <span class='ocrx_word' id='word_1_34' title='bbox 1316 919 1461 1020; x_wconf 88' lang='lat' dir='ltr'>publice</span> <span class='ocrx_word' id='word_1_35' title='bbox 1493 919 1592 998; x_wconf 89' lang='lat' dir='ltr'>lecte</span> <span class='ocrx_word' id='word_1_36' title='bbox 1619 933 1657 998; x_wconf 90' lang='lat' dir='ltr'>et</span> <span class='ocrx_word' id='word_1_37' title='bbox 1681 927 1850 1026; x_wconf 75' lang='lat' dir='ltr'>exposite</span> <span class='ocrx_word' id='word_1_38' title='bbox 1875 927 1913 1002; x_wconf 88' lang='lat' dir='ltr'>iu</span> 
     </span>
     <span class='ocr_line' id='line_1_5' title="bbox 217 1020 1911 1124; baseline 0.004 -24"><span class='ocrx_word' id='word_1_39' title='bbox 217 1021 369 1120; x_wconf 79' lang='lat' dir='ltr'>wlgeri,</span> <span class='ocrx_word' id='word_1_40' title='bbox 403 1045 450 1098; x_wconf 90' lang='lat' dir='ltr'>uc</span> <span class='ocrx_word' id='word_1_41' title='bbox 478 1021 533 1097; x_wconf 91' lang='lat' dir='ltr'>eis</span> <span class='ocrx_word' id='word_1_42' title='bbox 558 1020 733 1124; x_wconf 77' lang='lat' dir='ltr'>perlectis</span> <span class='ocrx_word' id='word_1_43' title='bbox 758 1021 876 1097; x_wconf 81' lang='lat' dir='ltr'>nudus</span> <span class='ocrx_word' id='word_1_44' title='bbox 904 1043 1052 1120; x_wconf 74' lang='lat' dir='ltr'>usquam</span> <span class='ocrx_word' id='word_1_45' title='bbox 1078 1021 1139 1098; x_wconf 88' lang='lat' dir='ltr'>rel</span> <span class='ocrx_word' id='word_1_46' title='bbox 1165 1047 1317 1123; x_wconf 79' lang='lat' dir='ltr'>unquam</span> <span class='ocrx_word' id='word_1_47' title='bbox 1342 1023 1509 1124; x_wconf 84' lang='lat' dir='ltr'>apparuit</span> <span class='ocrx_word' id='word_1_48' title='bbox 1535 1023 1787 1104; x_wconf 74' lang='lat' dir='ltr'>contradictor.</span> <span class='ocrx_word' id='word_1_49' title='bbox 1831 1029 1911 1106; x_wconf 75' lang='grc' dir='ltr'>Το-</span> 
     </span>
     <span class='ocr_line' id='line_1_6' title="bbox 217 1123 1912 1232; baseline 0.006 -31"><span class='ocrx_word' id='word_1_50' title='bbox 217 1147 338 1232; x_wconf 85' lang='lat' dir='ltr'>norem</span> <span class='ocrx_word' id='word_1_51' title='bbox 364 1135 483 1201; x_wconf 85' lang='lat' dir='ltr'>autem</span> <span class='ocrx_word' id='word_1_52' title='bbox 508 1123 747 1225; x_wconf 77' lang='lat' dir='ltr'>predictorum</span> <span class='ocrx_word' id='word_1_53' title='bbox 773 1125 985 1216; x_wconf 62' lang='lat' dir='ltr'>litterarum</span> <span class='ocrx_word' id='word_1_54' title='bbox 1021 1124 1080 1223; x_wconf 91' lang='lat' dir='ltr'>qui</span> <span class='ocrx_word' id='word_1_55' title='bbox 1105 1124 1190 1220; x_wconf 80' lang='lat' dir='ltr'>talis</span> <span class='ocrx_word' id='word_1_56' title='bbox 1218 1141 1295 1220; x_wconf 90' lang='lat' dir='ltr'>est,</span> <span class='ocrx_word' id='word_1_57' title='bbox 1334 1127 1461 1226; x_wconf 77' lang='lat' dir='ltr'>grecie</span> <span class='ocrx_word' id='word_1_58' title='bbox 1487 1136 1612 1204; x_wconf 80' lang='lat' dir='ltr'>vestre</span> <span class='ocrx_word' id='word_1_59' title='bbox 1631 1129 1850 1210; x_wconf 86' lang='lat' dir='ltr'>iuseurimns</span> <span class='ocrx_word' id='word_1_60' title='bbox 1874 1134 1912 1212; x_wconf 89' lang='lat' dir='ltr'>in</span> 
     </span>
     <span class='ocr_line' id='line_1_7' title="bbox 217 1227 473 1306; baseline -0.016 0"><span class='ocrx_word' id='word_1_61' title='bbox 217 1229 288 1306; x_wconf 80' lang='lat' dir='ltr'>hiis</span> <span class='ocrx_word' id='word_1_62' title='bbox 314 1228 390 1304; x_wconf 85' lang='lat' dir='ltr'>scri</span> <span class='ocrx_word' id='word_1_63' title='bbox 414 1227 473 1302; x_wconf 88' lang='lat' dir='ltr'>tis.</span> 
     </span>
    </p>

    <p class='ocr_par' dir='ltr' id='par_1_3' title="bbox 216 1253 1991 1536">
     <span class='ocr_line' id='line_1_8' title="bbox 318 1253 1991 1436; baseline 0.005 -30"><span class='ocrx_word' id='word_1_64' title='bbox 318 1330 360 1406; x_wconf 93' lang='lat' dir='ltr'>ln</span> <span class='ocrx_word' id='word_1_65' title='bbox 386 1253 525 1408; x_wconf 74' lang='lat' dir='ltr'>lumine</span> <span class='ocrx_word' id='word_1_66' title='bbox 551 1328 681 1406; x_wconf 90' lang='lat' dir='ltr'>domini</span> <span class='ocrx_word' id='word_1_67' title='bbox 707 1351 822 1404; x_wconf 87' lang='lat' dir='ltr'>amen.</span> <span class='ocrx_word' id='word_1_68' title='bbox 876 1328 986 1408; x_wconf 83' lang='lat' dir='ltr'>Licet</span> <span class='ocrx_word' id='word_1_69' title='bbox 1011 1329 1048 1404; x_wconf 88' lang='lat' dir='ltr'>in</span> <span class='ocrx_word' id='word_1_70' title='bbox 1073 1330 1219 1411; x_wconf 74' lang='lat' dir='ltr'>exi-iis</span> <span class='ocrx_word' id='word_1_71' title='bbox 1245 1343 1316 1409; x_wconf 85' lang='lat' dir='ltr'>etc.</span> <span class='ocrx_word' id='word_1_72' title='bbox 1372 1330 1456 1428; x_wconf 78' lang='lat' dir='ltr'>(Es</span> <span class='ocrx_word' id='word_1_73' title='bbox 1481 1330 1575 1431; x_wconf 82' lang='lat' dir='ltr'>fulgt</span> <span class='ocrx_word' id='word_1_74' title='bbox 1600 1357 1669 1408; x_wconf 92' lang='lat' dir='ltr'>nun</span> <span class='ocrx_word' id='word_1_75' title='bbox 1697 1335 1912 1436; x_wconf 82' lang='lat' dir='ltr'>eingerttckt</span> <span class='ocrx_word' id='word_1_76' title='bbox 1988 1319 1991 1328; x_wconf 36' lang='lat'>¹</span> 
     </span>
     <span class='ocr_line' id='line_1_9' title="bbox 216 1429 1624 1536; baseline -0.001 -24"><span class='ocrx_word' id='word_1_77' title='bbox 216 1433 385 1512; x_wconf 84' lang='lat' dir='ltr'>wbrtlich</span> <span class='ocrx_word' id='word_1_78' title='bbox 410 1432 471 1510; x_wconf 92' lang='lat' dir='ltr'>die</span> <span class='ocrx_word' id='word_1_79' title='bbox 497 1429 743 1530; x_wconf 80' lang='lat' dir='ltr'>vollstbudige</span> <span class='ocrx_word' id='word_1_80' title='bbox 768 1429 945 1509; x_wconf 84' lang='lat' dir='ltr'>Urlnunde</span> <span class='ocrx_word' id='word_1_81' title='bbox 970 1457 1050 1508; x_wconf 86' lang='lat' dir='ltr'>vum</span> <span class='ocrx_word' id='word_1_82' title='bbox 1078 1433 1141 1510; x_wconf 70' lang='lat'>23.</span> <span class='ocrx_word' id='word_1_83' title='bbox 1167 1434 1254 1510; x_wconf 88' lang='lat' dir='ltr'>Juni</span> <span class='ocrx_word' id='word_1_84' title='bbox 1282 1435 1382 1510; x_wconf 68' lang='lat'>129⁰</span> <span class='ocrx_word' id='word_1_85' title='bbox 1406 1432 1458 1510; x_wconf 90' lang='lat' dir='ltr'>N.</span> <span class='ocrx_word' id='word_1_86' title='bbox 1486 1433 1624 1536; x_wconf 83' lang='lat' dir='ltr'><strong>CCL.)</strong></span> 
     </span>
    </p>

    <p class='ocr_par' dir='ltr' id='par_1_4' title="bbox 213 1531 1946 3078">
     <span class='ocr_line' id='line_1_10' title="bbox 317 1531 1912 1642; baseline 0.003 -28"><span class='ocrx_word' id='word_1_87' title='bbox 317 1536 371 1614; x_wconf 76' lang='lat' dir='ltr'>lit</span> <span class='ocrx_word' id='word_1_88' title='bbox 402 1537 486 1636; x_wconf 89' lang='lat' dir='ltr'>quia</span> <span class='ocrx_word' id='word_1_89' title='bbox 516 1533 793 1614; x_wconf 88' lang='lat' dir='ltr'>sollicitudiuem</span> <span class='ocrx_word' id='word_1_90' title='bbox 824 1531 974 1616; x_wconf 84' lang='lat' dir='ltr'>omu&#39;imu</span> <span class='ocrx_word' id='word_1_91' title='bbox 1006 1535 1245 1614; x_wconf 89' lang='lat' dir='ltr'>eeclesiarum</span> <span class='ocrx_word' id='word_1_92' title='bbox 1277 1547 1392 1614; x_wconf 87' lang='lat' dir='ltr'>mater</span> <span class='ocrx_word' id='word_1_93' title='bbox 1436 1547 1474 1614; x_wconf 91' lang='lat' dir='ltr'>et</span> <span class='ocrx_word' id='word_1_94' title='bbox 1506 1539 1679 1638; x_wconf 82' lang='lat' dir='ltr'>magistre</span> <span class='ocrx_word' id='word_1_95' title='bbox 1707 1539 1912 1642; x_wconf 73' lang='lat' dir='ltr'>apostolico</span> 
     </span>
     <span class='ocr_line' id='line_1_11' title="bbox 216 1638 1911 1742; baseline 0.004 -26"><span class='ocrx_word' id='word_1_96' title='bbox 216 1638 330 1718; x_wconf 85' lang='lat' dir='ltr'>sedes</span> <span class='ocrx_word' id='word_1_97' title='bbox 364 1641 476 1740; x_wconf 88' lang='lat' dir='ltr'>gerit,</span> <span class='ocrx_word' id='word_1_98' title='bbox 510 1663 556 1716; x_wconf 88' lang='lat' dir='ltr'>ue</span> <span class='ocrx_word' id='word_1_99' title='bbox 588 1650 661 1714; x_wconf 89' lang='lat' dir='ltr'>tam</span> <span class='ocrx_word' id='word_1_100' title='bbox 694 1639 788 1738; x_wconf 79' lang='lat' dir='ltr'>[nium</span> <span class='ocrx_word' id='word_1_101' title='bbox 821 1638 957 1718; x_wconf 81' lang='lat' dir='ltr'>foetum</span> <span class='ocrx_word' id='word_1_102' title='bbox 982 1639 1164 1716; x_wconf 86' lang='lat' dir='ltr'>memorati</span> <span class='ocrx_word' id='word_1_103' title='bbox 1189 1640 1380 1742; x_wconf 80' lang='lat' dir='ltr'>principis,</span> <span class='ocrx_word' id='word_1_104' title='bbox 1399 1654 1478 1742; x_wconf 85' lang='lat' dir='ltr'>‘per</span> <span class='ocrx_word' id='word_1_105' title='bbox 1502 1665 1629 1718; x_wconf 89' lang='lat' dir='ltr'>novum</span> <span class='ocrx_word' id='word_1_106' title='bbox 1654 1666 1911 1722; x_wconf 79' lang='lat' dir='ltr'>successorem</span> 
     </span>
     <span class='ocr_line' id='line_1_12' title="bbox 216 1741 1910 1846; baseline 0.002 -26"><span class='ocrx_word' id='word_1_107' title='bbox 216 1741 479 1844; x_wconf 69' lang='lat' dir='ltr'>quomodolibet</span> <span class='ocrx_word' id='word_1_108' title='bbox 511 1741 679 1832; x_wconf 83' lang='lat' dir='ltr'>violetur,</span> <span class='ocrx_word' id='word_1_109' title='bbox 711 1741 909 1842; x_wconf 86' lang='lat' dir='ltr'>provolutis</span> <span class='ocrx_word' id='word_1_110' title='bbox 942 1743 1096 1842; x_wconf 82' lang='lat' dir='ltr'>genibus</span> <span class='ocrx_word' id='word_1_111' title='bbox 1130 1753 1169 1820; x_wconf 89' lang='lat' dir='ltr'>et</span> <span class='ocrx_word' id='word_1_112' title='bbox 1191 1743 1226 1818; x_wconf 94' lang='lat' dir='ltr'>in</span> <span class='ocrx_word' id='word_1_113' title='bbox 1262 1756 1390 1822; x_wconf 82' lang='lat' dir='ltr'>terrem</span> <span class='ocrx_word' id='word_1_114' title='bbox 1422 1745 1608 1845; x_wconf 86' lang='lat' dir='ltr'>prostrati,</span> <span class='ocrx_word' id='word_1_115' title='bbox 1639 1745 1700 1846; x_wconf 89' lang='lat' dir='ltr'>pie</span> <span class='ocrx_word' id='word_1_116' title='bbox 1726 1747 1910 1824; x_wconf 87' lang='lat' dir='ltr'>sanctitati</span> 
     </span>
     <span class='ocr_line' id='line_1_13' title="bbox 215 1845 1910 1948; baseline 0.002 -26"><span class='ocrx_word' id='word_1_117' title='bbox 215 1859 338 1926; x_wconf 88' lang='lat' dir='ltr'>vestre</span> <span class='ocrx_word' id='word_1_118' title='bbox 363 1846 540 1922; x_wconf 90' lang='lat' dir='ltr'>humiliter</span> <span class='ocrx_word' id='word_1_119' title='bbox 564 1845 828 1945; x_wconf 78' lang='lat' dir='ltr'>supplicemus,</span> <span class='ocrx_word' id='word_1_120' title='bbox 859 1847 1025 1946; x_wconf 83' lang='lat' dir='ltr'>quatinus</span> <span class='ocrx_word' id='word_1_121' title='bbox 1051 1845 1228 1948; x_wconf 80' lang='lat' dir='ltr'>prefatam</span> <span class='ocrx_word' id='word_1_122' title='bbox 1253 1847 1686 1926; x_wconf 85' lang='lat' dir='ltr'>Wrctinlouiensem</span> <span class='ocrx_word' id='word_1_123' title='bbox 1713 1849 1910 1928; x_wconf 77' lang='lat' dir='ltr'>ecclesium</span> 
     </span>
     <span class='ocr_line' id='line_1_14' title="bbox 216 1947 1909 2050; baseline 0.002 -24"><span class='ocrx_word' id='word_1_124' title='bbox 216 1961 253 2026; x_wconf 92' lang='lat' dir='ltr'>et</span> <span class='ocrx_word' id='word_1_125' title='bbox 279 1951 414 2028; x_wconf 85' lang='lat' dir='ltr'>clemrm</span> <span class='ocrx_word' id='word_1_126' title='bbox 438 1949 553 2050; x_wconf 89' lang='lat' dir='ltr'>ipsius</span> <span class='ocrx_word' id='word_1_127' title='bbox 579 1959 651 2024; x_wconf 85' lang='lat' dir='ltr'>tom</span> <span class='ocrx_word' id='word_1_128' title='bbox 676 1947 883 2046; x_wconf 87' lang='lat' dir='ltr'>religiosum</span> <span class='ocrx_word' id='word_1_129' title='bbox 909 1974 1013 2048; x_wconf 88' lang='lat' dir='ltr'>quum</span> <span class='ocrx_word' id='word_1_130' title='bbox 1038 1950 1242 2028; x_wconf 89' lang='lat' dir='ltr'>seculorem</span> <span class='ocrx_word' id='word_1_131' title='bbox 1268 1951 1492 2046; x_wconf 83' lang='lat' dir='ltr'>gravissimis</span> <span class='ocrx_word' id='word_1_132' title='bbox 1525 1952 1779 2029; x_wconf 83' lang='lat' dir='ltr'>afflictionibus</span> <span class='ocrx_word' id='word_1_133' title='bbox 1805 1954 1909 2030; x_wconf 83' lang='lat' dir='ltr'>uttri·</span> 
     </span>
     <span class='ocr_line' id='line_1_15' title="bbox 213 2051 1909 2154; baseline 0.001 -22"><span class='ocrx_word' id='word_1_134' title='bbox 213 2065 274 2132; x_wconf 89' lang='lat' dir='ltr'>tos</span> <span class='ocrx_word' id='word_1_135' title='bbox 305 2065 345 2131; x_wconf 89' lang='lat' dir='ltr'>et</span> <span class='ocrx_word' id='word_1_136' title='bbox 368 2059 446 2154; x_wconf 91' lang='lat' dir='ltr'>jam</span> <span class='ocrx_word' id='word_1_137' title='bbox 473 2051 589 2128; x_wconf 89' lang='lat' dir='ltr'>multis</span> <span class='ocrx_word' id='word_1_138' title='bbox 615 2051 832 2152; x_wconf 88' lang='lat' dir='ltr'>temporibus</span> <span class='ocrx_word' id='word_1_139' title='bbox 865 2051 1053 2128; x_wconf 89' lang='lat' dir='ltr'>tribulatos</span> <span class='ocrx_word' id='word_1_140' title='bbox 1087 2053 1254 2130; x_wconf 86' lang='lat' dir='ltr'>relevare</span> <span class='ocrx_word' id='word_1_141' title='bbox 1280 2052 1447 2152; x_wconf 84' lang='lat' dir='ltr'>dignetur</span> <span class='ocrx_word' id='word_1_142' title='bbox 1471 2065 1597 2130; x_wconf 88' lang='lat' dir='ltr'>vestra</span> <span class='ocrx_word' id='word_1_143' title='bbox 1629 2055 1802 2132; x_wconf 90' lang='lat' dir='ltr'>immensa</span> <span class='ocrx_word' id='word_1_144' title='bbox 1828 2055 1909 2134; x_wconf 91' lang='lat' dir='ltr'>cle-</span> 
     </span>
     <span class='ocr_line' id='line_1_16' title="bbox 215 2152 1910 2258; baseline 0.002 -24"><span class='ocrx_word' id='word_1_145' title='bbox 215 2157 372 2249; x_wconf 85' lang='lat' dir='ltr'>mencie,</span> <span class='ocrx_word' id='word_1_146' title='bbox 407 2166 445 2232; x_wconf 92' lang='lat' dir='ltr'>et</span> <span class='ocrx_word' id='word_1_147' title='bbox 468 2153 655 2258; x_wconf 83' lang='lat' dir='ltr'>predictos</span> <span class='ocrx_word' id='word_1_148' title='bbox 686 2153 873 2230; x_wconf 85' lang='lat' dir='ltr'>libertotes</span> <span class='ocrx_word' id='word_1_149' title='bbox 899 2152 1027 2247; x_wconf 81' lang='lat' dir='ltr'>detes,</span> <span class='ocrx_word' id='word_1_150' title='bbox 1060 2157 1276 2233; x_wconf 87' lang='lat' dir='ltr'>auctoritate</span> <span class='ocrx_word' id='word_1_151' title='bbox 1302 2155 1507 2258; x_wconf 81' lang='lat' dir='ltr'>apostolico</span> <span class='ocrx_word' id='word_1_152' title='bbox 1540 2182 1590 2234; x_wconf 86' lang='lat' dir='ltr'>ex</span> <span class='ocrx_word' id='word_1_153' title='bbox 1617 2169 1719 2236; x_wconf 83' lang='lat' dir='ltr'>certa</span> <span class='ocrx_word' id='word_1_154' title='bbox 1745 2159 1910 2238; x_wconf 79' lang='lat' dir='ltr'>sciencia</span> 
     </span>
     <span class='ocr_line' id='line_1_17' title="bbox 215 2259 1908 2361; baseline 0.001 -23"><span class='ocrx_word' id='word_1_155' title='bbox 215 2259 436 2340; x_wconf 82' lang='lat' dir='ltr'>confirmare.</span> <span class='ocrx_word' id='word_1_156' title='bbox 489 2263 599 2334; x_wconf 74' lang='lat' dir='ltr'>Erue</span> <span class='ocrx_word' id='word_1_157' title='bbox 617 2285 952 2344; x_wconf 70' lang='lat' dir='ltr'>successurorum,</span> <span class='ocrx_word' id='word_1_158' title='bbox 978 2287 1092 2334; x_wconf 84' lang='lat' dir='ltr'>uocas</span> <span class='ocrx_word' id='word_1_159' title='bbox 1107 2262 1214 2356; x_wconf 79' lang='lat' dir='ltr'>sorte</span> <span class='ocrx_word' id='word_1_160' title='bbox 1239 2268 1365 2336; x_wconf 84' lang='lat' dir='ltr'>voleus</span> <span class='ocrx_word' id='word_1_161' title='bbox 1388 2269 1493 2358; x_wconf 85' lang='lat' dir='ltr'>leges</span> <span class='ocrx_word' id='word_1_162' title='bbox 1517 2259 1688 2354; x_wconf 82' lang='lat' dir='ltr'>condere,</span> <span class='ocrx_word' id='word_1_163' title='bbox 1715 2262 1775 2340; x_wconf 85' lang='lat' dir='ltr'>vel</span> <span class='ocrx_word' id='word_1_164' title='bbox 1802 2263 1908 2361; x_wconf 77' lang='lat' dir='ltr'>quili-</span> 
     </span>
     <span class='ocr_line' id='line_1_18' title="bbox 215 2357 1946 2468; baseline 0.001 -30"><span class='ocrx_word' id='word_1_165' title='bbox 215 2366 276 2442; x_wconf 91' lang='lat' dir='ltr'>bet</span> <span class='ocrx_word' id='word_1_166' title='bbox 301 2363 396 2439; x_wconf 86' lang='lat' dir='ltr'>olius</span> <span class='ocrx_word' id='word_1_167' title='bbox 423 2373 571 2438; x_wconf 87' lang='lat' dir='ltr'>conetur</span> <span class='ocrx_word' id='word_1_168' title='bbox 596 2359 644 2436; x_wconf 94' lang='lat' dir='ltr'>de</span> <span class='ocrx_word' id='word_1_169' title='bbox 669 2361 768 2460; x_wconf 92' lang='lat' dir='ltr'>prius</span> <span class='ocrx_word' id='word_1_170' title='bbox 794 2359 861 2435; x_wconf 85' lang='lat' dir='ltr'>sati</span> <span class='ocrx_word' id='word_1_171' title='bbox 878 2357 985 2460; x_wconf 83' lang='lat' dir='ltr'>ducis</span> <span class='ocrx_word' id='word_1_172' title='bbox 1007 2359 1192 2438; x_wconf 87' lang='lat' dir='ltr'>vuluntate</span> <span class='ocrx_word' id='word_1_173' title='bbox 1218 2361 1320 2438; x_wconf 85' lang='lat' dir='ltr'>lacta</span> <span class='ocrx_word' id='word_1_174' title='bbox 1341 2363 1377 2438; x_wconf 90' lang='lat' dir='ltr'>in</span> <span class='ocrx_word' id='word_1_175' title='bbox 1400 2363 1587 2440; x_wconf 87' lang='lat' dir='ltr'>utilitatem</span> <span class='ocrx_word' id='word_1_176' title='bbox 1613 2363 1778 2442; x_wconf 87' lang='lat' dir='ltr'>ecclesie</span> <span class='ocrx_word' id='word_1_177' title='bbox 1803 2366 1908 2467; x_wconf 88' lang='lat' dir='ltr'>quip-</span> <span class='ocrx_word' id='word_1_178' title='bbox 1942 2455 1946 2468; x_wconf 18' lang='grc' dir='ltr'><em>Α</em></span> 
     </span>
     <span class='ocr_line' id='line_1_19' title="bbox 214 2463 1908 2569; baseline 0.002 -27"><span class='ocrx_word' id='word_1_179' title='bbox 214 2467 307 2568; x_wconf 90' lang='lat' dir='ltr'>piam</span> <span class='ocrx_word' id='word_1_180' title='bbox 333 2466 528 2554; x_wconf 87' lang='lat' dir='ltr'>immutare,</span> <span class='ocrx_word' id='word_1_181' title='bbox 553 2472 700 2564; x_wconf 92' lang='lat' dir='ltr'>propter</span> <span class='ocrx_word' id='word_1_182' title='bbox 725 2486 850 2538; x_wconf 90' lang='lat' dir='ltr'>nornen</span> <span class='ocrx_word' id='word_1_183' title='bbox 878 2463 1054 2555; x_wconf 80' lang='lat' dir='ltr'>crucifixi,</span> <span class='ocrx_word' id='word_1_184' title='bbox 1082 2465 1141 2564; x_wconf 92' lang='lat' dir='ltr'>qui</span> <span class='ocrx_word' id='word_1_185' title='bbox 1167 2466 1344 2564; x_wconf 87' lang='lat' dir='ltr'>sauguine</span> <span class='ocrx_word' id='word_1_186' title='bbox 1377 2490 1443 2541; x_wconf 90' lang='lat' dir='ltr'>suo</span> <span class='ocrx_word' id='word_1_187' title='bbox 1480 2492 1651 2569; x_wconf 90' lang='lat' dir='ltr'>sponsam</span> <span class='ocrx_word' id='word_1_188' title='bbox 1684 2469 1754 2544; x_wconf 91' lang='lat' dir='ltr'>sibi</span> <span class='ocrx_word' id='word_1_189' title='bbox 1779 2469 1908 2548; x_wconf 87' lang='lat' dir='ltr'>eccle·</span> 
     </span>
     <span class='ocr_line' id='line_1_20' title="bbox 214 2564 1907 2672; baseline 0.002 -28"><span class='ocrx_word' id='word_1_190' title='bbox 214 2571 305 2646; x_wconf 86' lang='lat' dir='ltr'>siam</span> <span class='ocrx_word' id='word_1_191' title='bbox 332 2568 497 2656; x_wconf 84' lang='lat' dir='ltr'>sociavit,</span> <span class='ocrx_word' id='word_1_192' title='bbox 525 2567 591 2641; x_wconf 90' lang='lat' dir='ltr'>sub</span> <span class='ocrx_word' id='word_1_193' title='bbox 618 2565 908 2642; x_wconf 73' lang='lat' dir='ltr'>interminacione</span> <span class='ocrx_word' id='word_1_194' title='bbox 935 2566 1173 2644; x_wconf 86' lang='lat' dir='ltr'>anathematis</span> <span class='ocrx_word' id='word_1_195' title='bbox 1198 2568 1262 2644; x_wconf 90' lang='lat' dir='ltr'>lati</span> <span class='ocrx_word' id='word_1_196' title='bbox 1281 2564 1449 2666; x_wconf 84' lang='lat' dir='ltr'>dignetur</span> <span class='ocrx_word' id='word_1_197' title='bbox 1472 2581 1600 2646; x_wconf 89' lang='lat' dir='ltr'>vestra</span> <span class='ocrx_word' id='word_1_198' title='bbox 1625 2571 1788 2672; x_wconf 82' lang='lat' dir='ltr'>piissimo</span> <span class='ocrx_word' id='word_1_199' title='bbox 1811 2571 1907 2649; x_wconf 92' lang='lat' dir='ltr'>libe·</span> 
     </span>
     <span class='ocr_line' id='line_1_21' title="bbox 213 2669 1907 2773; baseline 0.002 -25"><span class='ocrx_word' id='word_1_200' title='bbox 213 2673 342 2748; x_wconf 86' lang='lat' dir='ltr'>rulitas</span> <span class='ocrx_word' id='word_1_201' title='bbox 367 2695 433 2772; x_wconf 89' lang='lat' dir='ltr'>per</span> <span class='ocrx_word' id='word_1_202' title='bbox 457 2670 598 2746; x_wconf 75' lang='lat' dir='ltr'>litteras</span> <span class='ocrx_word' id='word_1_203' title='bbox 624 2669 850 2770; x_wconf 87' lang='lat' dir='ltr'>apostolicus</span> <span class='ocrx_word' id='word_1_204' title='bbox 875 2669 1054 2762; x_wconf 88' lang='lat' dir='ltr'>inhibere,</span> <span class='ocrx_word' id='word_1_205' title='bbox 1081 2681 1120 2745; x_wconf 94' lang='lat' dir='ltr'>ut</span> <span class='ocrx_word' id='word_1_206' title='bbox 1144 2695 1283 2746; x_wconf 85' lang='lat' dir='ltr'>menum</span> <span class='ocrx_word' id='word_1_207' title='bbox 1308 2671 1469 2748; x_wconf 80' lang='lat' dir='ltr'>retrahet</span> <span class='ocrx_word' id='word_1_208' title='bbox 1496 2674 1659 2772; x_wconf 87' lang='lat' dir='ltr'>quilibet,</span> <span class='ocrx_word' id='word_1_209' title='bbox 1687 2673 1746 2773; x_wconf 90' lang='lat' dir='ltr'>qui</span> <span class='ocrx_word' id='word_1_210' title='bbox 1780 2673 1907 2752; x_wconf 89' lang='lat' dir='ltr'>eccle-</span> 
     </span>
     <span class='ocr_line' id='line_1_22' title="bbox 213 2769 1908 2874; baseline 0.002 -22"><span class='ocrx_word' id='word_1_211' title='bbox 213 2777 304 2852; x_wconf 86' lang='lat' dir='ltr'>siam</span> <span class='ocrx_word' id='word_1_212' title='bbox 328 2775 390 2852; x_wconf 86' lang='lat' dir='ltr'>vel</span> <span class='ocrx_word' id='word_1_213' title='bbox 410 2779 497 2874; x_wconf 89' lang='lat' dir='ltr'>jura</span> <span class='ocrx_word' id='word_1_214' title='bbox 520 2773 637 2874; x_wconf 89' lang='lat' dir='ltr'>ipsius</span> <span class='ocrx_word' id='word_1_215' title='bbox 664 2769 864 2873; x_wconf 89' lang='lat' dir='ltr'>deprimere</span> <span class='ocrx_word' id='word_1_216' title='bbox 889 2798 959 2848; x_wconf 91' lang='lat' dir='ltr'>nou</span> <span class='ocrx_word' id='word_1_217' title='bbox 985 2771 1164 2850; x_wconf 80' lang='lat' dir='ltr'>formidat.</span> <span class='ocrx_word' id='word_1_218' title='bbox 1218 2773 1259 2848; x_wconf 93' lang='lat' dir='ltr'>ln</span> <span class='ocrx_word' id='word_1_219' title='bbox 1286 2779 1392 2872; x_wconf 89' lang='lat' dir='ltr'>cujus</span> <span class='ocrx_word' id='word_1_220' title='bbox 1423 2776 1476 2852; x_wconf 89' lang='lat' dir='ltr'>rei</span> <span class='ocrx_word' id='word_1_221' title='bbox 1510 2777 1766 2867; x_wconf 90' lang='lat' dir='ltr'>testimonium,</span> <span class='ocrx_word' id='word_1_222' title='bbox 1799 2775 1908 2855; x_wconf 89' lang='lat' dir='ltr'>tidem</span> 
     </span>
     <span class='ocr_line' id='line_1_23' title="bbox 214 2875 1907 2978; baseline 0 -22"><span class='ocrx_word' id='word_1_223' title='bbox 214 2893 251 2956; x_wconf 88' lang='lat' dir='ltr'>et</span> <span class='ocrx_word' id='word_1_224' title='bbox 277 2875 502 2954; x_wconf 90' lang='lat' dir='ltr'>evidenciam</span> <span class='ocrx_word' id='word_1_225' title='bbox 529 2875 652 2975; x_wconf 84' lang='lat' dir='ltr'>sigilla</span> <span class='ocrx_word' id='word_1_226' title='bbox 676 2886 802 2950; x_wconf 89' lang='lat' dir='ltr'>nostra</span> <span class='ocrx_word' id='word_1_227' title='bbox 826 2876 1054 2976; x_wconf 89' lang='lat' dir='ltr'>presentibus</span> <span class='ocrx_word' id='word_1_228' title='bbox 1086 2877 1216 2952; x_wconf 85' lang='lat' dir='ltr'>litteris</span> <span class='ocrx_word' id='word_1_229' title='bbox 1249 2889 1331 2952; x_wconf 90' lang='lat' dir='ltr'>suut</span> <span class='ocrx_word' id='word_1_230' title='bbox 1364 2902 1539 2978; x_wconf 81' lang='lat' dir='ltr'>appense.</span> <span class='ocrx_word' id='word_1_231' title='bbox 1618 2879 1750 2954; x_wconf 89' lang='lat' dir='ltr'>Datum</span> <span class='ocrx_word' id='word_1_232' title='bbox 1777 2880 1907 2956; x_wconf 82' lang='lat' dir='ltr'>Wra-</span> 
     </span>
     <span class='ocr_line' id='line_1_24' title="bbox 214 2975 1499 3078; baseline -0.002 -22"><span class='ocrx_word' id='word_1_233' title='bbox 214 2981 422 3074; x_wconf 74' lang='lat' dir='ltr'>timonio,</span> <span class='ocrx_word' id='word_1_234' title='bbox 449 2979 498 3054; x_wconf 90' lang='lat' dir='ltr'>V.</span> <span class='ocrx_word' id='word_1_235' title='bbox 526 2975 675 3054; x_wconf 83' lang='lat' dir='ltr'>kalend.</span> <span class='ocrx_word' id='word_1_236' title='bbox 702 2977 808 3068; x_wconf 86' lang='lat' dir='ltr'>Julii,</span> <span class='ocrx_word' id='word_1_237' title='bbox 836 3003 929 3054; x_wconf 87' lang='lat' dir='ltr'>anuo</span> <span class='ocrx_word' id='word_1_238' title='bbox 957 2977 1087 3056; x_wconf 89' lang='lat' dir='ltr'>domiui</span> <span class='ocrx_word' id='word_1_239' title='bbox 1112 2977 1226 3056; x_wconf 84' lang='lat' dir='ltr'>MCC</span> <span class='ocrx_word' id='word_1_240' title='bbox 1252 2981 1499 3078; x_wconf 84' lang='lat' dir='ltr'>nonogesimo.</span> 
     </span>
    </p>
   </div>
   <div class='ocr_carea' id='block_1_3' title="bbox 959 3387 1165 3476">
    <p class='ocr_par' dir='ltr' id='par_1_5' title="bbox 959 3387 1165 3476">
     <span class='ocr_line' id='line_1_25' title="bbox 959 3387 1165 3476; baseline -0.01 0"><span class='ocrx_word' id='word_1_241' title='bbox 959 3387 1165 3476; x_wconf 72' lang='lat' dir='ltr'>oculu.</span> 
     </span>
    </p>
   </div>
   <div class='ocr_carea' id='block_1_4' title="bbox 214 3555 1907 3752">
    <p class='ocr_par' dir='ltr' id='par_1_6' title="bbox 214 3555 1907 3752">
     <span class='ocr_line' id='line_1_26' title="bbox 214 3555 1907 3656; baseline -0.001 -16"><span class='ocrx_word' id='word_1_242' title='bbox 214 3579 300 3656; x_wconf 72' lang='lat' dir='ltr'>rupit</span> <span class='ocrx_word' id='word_1_243' title='bbox 321 3577 454 3640; x_wconf 73' lang='lat' dir='ltr'>ntorum</span> <span class='ocrx_word' id='word_1_244' title='bbox 477 3575 519 3637; x_wconf 74' lang='lat' dir='ltr'>li.</span> <span class='ocrx_word' id='word_1_245' title='bbox 541 3577 687 3652; x_wconf 68' lang='lat' dir='ltr'>nusuugt</span> <span class='ocrx_word' id='word_1_246' title='bbox 707 3575 817 3652; x_wconf 66' lang='lat' dir='ltr'>bonos</span> <span class='ocrx_word' id='word_1_247' title='bbox 838 3576 990 3638; x_wconf 74' lang='lat' dir='ltr'>beturtcbs</span> <span class='ocrx_word' id='word_1_248' title='bbox 1012 3555 1055 3639; x_wconf 73' lang='lat' dir='ltr'>ll.</span> <span class='ocrx_word' id='word_1_249' title='bbox 1076 3593 1132 3640; x_wconf 88' lang='lat' dir='ltr'>run</span> <span class='ocrx_word' id='word_1_250' title='bbox 1153 3579 1304 3640; x_wconf 79' lang='lat' dir='ltr'>tubteatcn</span> <span class='ocrx_word' id='word_1_251' title='bbox 1326 3590 1444 3654; x_wconf 74' lang='lat' dir='ltr'>mortes</span> <span class='ocrx_word' id='word_1_252' title='bbox 1466 3577 1655 3656; x_wconf 73' lang='lat' dir='ltr'>ructemus</span> <span class='ocrx_word' id='word_1_253' title='bbox 1682 3591 1747 3641; x_wconf 88' lang='lat' dir='ltr'>run</span> <span class='ocrx_word' id='word_1_254' title='bbox 1770 3577 1818 3638; x_wconf 75' lang='lat' dir='ltr'>tt.</span> <span class='ocrx_word' id='word_1_255' title='bbox 1839 3577 1907 3641; x_wconf 86' lang='lat' dir='ltr'>lunt</span> 
     </span>
     <span class='ocr_line' id='line_1_27' title="bbox 786 3677 1331 3752; baseline 0.006 -15"><span class='ocrx_word' id='word_1_256' title='bbox 786 3677 876 3752; x_wconf 78' lang='lat' dir='ltr'>libb,</span> <span class='ocrx_word' id='word_1_257' title='bbox 905 3677 953 3740; x_wconf 76' lang='lat' dir='ltr'>lbr</span> <span class='ocrx_word' id='word_1_258' title='bbox 975 3681 1027 3740; x_wconf 80' lang='lat' dir='ltr'>dm</span> <span class='ocrx_word' id='word_1_259' title='bbox 1049 3679 1181 3744; x_wconf 81' lang='lat' dir='ltr'>nrrtnun</span> <span class='ocrx_word' id='word_1_260' title='bbox 1202 3681 1331 3742; x_wconf 76' lang='lat' dir='ltr'>bruslor.</span> 
     </span>
    </p>
   </div>
   <div class='ocr_carea' id='block_1_5' title="bbox 671 3825 1455 3908">
    <p class='ocr_par' dir='ltr' id='par_1_7' title="bbox 671 3825 1455 3908">
     <span class='ocr_line' id='line_1_28' title="bbox 671 3825 1455 3908; baseline 0 -27"><span class='ocrx_word' id='word_1_261' title='bbox 671 3829 787 3898; x_wconf 67' lang='lat' dir='ltr'>mugitu</span> <span class='ocrx_word' id='word_1_262' title='bbox 800 3826 823 3893; x_wconf 87' lang='lat'>¹)</span> <span class='ocrx_word' id='word_1_263' title='bbox 841 3832 875 3882; x_wconf 84' lang='lat' dir='ltr'>im</span> <span class='ocrx_word' id='word_1_264' title='bbox 893 3832 1009 3908; x_wconf 77' lang='lat' dir='ltr'>Arcblve</span> <span class='ocrx_word' id='word_1_265' title='bbox 1027 3833 1074 3882; x_wconf 82' lang='lat' dir='ltr'>dea</span> <span class='ocrx_word' id='word_1_266' title='bbox 1091 3831 1266 3898; x_wconf 80' lang='lat' dir='ltr'>llomcrpltels</span> <span class='ocrx_word' id='word_1_267' title='bbox 1284 3831 1331 3882; x_wconf 87' lang='lat' dir='ltr'>W.</span> <span class='ocrx_word' id='word_1_268' title='bbox 1348 3831 1395 3881; x_wconf 87' lang='lat' dir='ltr'>W.</span> <span class='ocrx_word' id='word_1_269' title='bbox 1413 3825 1455 3882; x_wconf 84' lang='grc'>78.</span> 
     </span>
    </p>
   </div>
   <div class='ocr_carea' id='block_1_6' title="bbox 215 3943 2064 4168">
    <p class='ocr_par' dir='ltr' id='par_1_8' title="bbox 215 3943 2064 4168">
     <span class='ocr_line' id='line_1_29' title="bbox 317 3943 2037 4066; baseline -0.002 -26"><span class='ocrx_word' id='word_1_270' title='bbox 317 3965 355 4040; x_wconf 93' lang='lat' dir='ltr'>N</span> <span class='ocrx_word' id='word_1_271' title='bbox 363 3965 541 4042; x_wconf 87' lang='lat' dir='ltr'>iculaus</span> <span class='ocrx_word' id='word_1_272' title='bbox 575 3964 788 4066; x_wconf 89' lang='lat' dir='ltr'>episcopus,</span> <span class='ocrx_word' id='word_1_273' title='bbox 823 3989 954 4042; x_wconf 89' lang='lat' dir='ltr'>servus</span> <span class='ocrx_word' id='word_1_274' title='bbox 980 3989 1164 4042; x_wconf 87' lang='lat' dir='ltr'>servorum</span> <span class='ocrx_word' id='word_1_275' title='bbox 1190 3961 1264 4056; x_wconf 88' lang='lat' dir='ltr'>dei,</span> <span class='ocrx_word' id='word_1_276' title='bbox 1291 3963 1489 4039; x_wconf 79' lang='lat' dir='ltr'>venerabili</span> <span class='ocrx_word' id='word_1_277' title='bbox 1515 3962 1616 4039; x_wconf 79' lang='lat' dir='ltr'>fratri</span> <span class='ocrx_word' id='word_1_278' title='bbox 1642 4018 1651 4037; x_wconf 88' lang='lat'><strong>.</strong></span> <span class='ocrx_word' id='word_1_279' title='bbox 1680 4018 1690 4037; x_wconf 91' lang='lat'><strong>.</strong></span> <span class='ocrx_word' id='word_1_280' title='bbox 1718 3943 1905 4064; x_wconf 83' lang='lat' dir='ltr'>episcopo,</span> <span class='ocrx_word' id='word_1_281' title='bbox 1958 3971 2037 4062; x_wconf 67' lang='lat' dir='ltr'>rum,</span> 
     </span>
     <span class='ocr_line' id='line_1_30' title="bbox 215 4058 2064 4168; baseline -0.008 -25"><span class='ocrx_word' id='word_1_282' title='bbox 215 4093 262 4144; x_wconf 83' lang='lat' dir='ltr'>sc</span> <span class='ocrx_word' id='word_1_283' title='bbox 295 4065 440 4146; x_wconf 90' lang='lat' dir='ltr'>dilectis</span> <span class='ocrx_word' id='word_1_284' title='bbox 472 4067 555 4143; x_wconf 84' lang='lat' dir='ltr'>filiis</span> <span class='ocrx_word' id='word_1_285' title='bbox 583 4067 740 4168; x_wconf 86' lang='lat' dir='ltr'>capitulo</span> <span class='ocrx_word' id='word_1_286' title='bbox 758 4067 1140 4144; x_wconf 85' lang='lat' dir='ltr'>Wrctislauieusi</span> <span class='ocrx_word' id='word_1_287' title='bbox 1166 4066 1382 4144; x_wconf 81' lang='lat' dir='ltr'>salutemet</span> <span class='ocrx_word' id='word_1_288' title='bbox 1407 4066 1644 4168; x_wconf 82' lang='lat' dir='ltr'>apostolicam</span> <span class='ocrx_word' id='word_1_289' title='bbox 1670 4058 2064 4144; x_wconf 67' lang='lat' dir='ltr'>beneduch-trouu·</span> 
     </span>
    </p>
   </div>
   <div class='ocr_carea' id='block_1_7' title="bbox 261 4309 1906 5115">
    <p class='ocr_par' dir='ltr' id='par_1_9' title="bbox 261 4309 1906 5041">
     <span class='ocr_line' id='line_1_31' title="bbox 261 4309 1906 4458; baseline -0.002 -38"><span class='ocrx_word' id='word_1_290' title='bbox 261 4363 293 4440; x_wconf 83' lang='lat' dir='ltr'>i)</span> <span class='ocrx_word' id='word_1_291' title='bbox 322 4357 384 4422; x_wconf 83' lang='lat' dir='ltr'>Dus</span> <span class='ocrx_word' id='word_1_292' title='bbox 411 4355 648 4458; x_wconf 79' lang='lat' dir='ltr'>uuntveilelhell</span> <span class='ocrx_word' id='word_1_293' title='bbox 674 4355 765 4422; x_wconf 76' lang='lat' dir='ltr'>dchle</span> <span class='ocrx_word' id='word_1_294' title='bbox 787 4352 931 4446; x_wconf 70' lang='lat' dir='ltr'>Originel</span> <span class='ocrx_word' id='word_1_295' title='bbox 958 4355 1015 4420; x_wconf 85' lang='lat' dir='ltr'>hot</span> <span class='ocrx_word' id='word_1_296' title='bbox 1035 4354 1136 4420; x_wconf 89' lang='lat' dir='ltr'>durch</span> <span class='ocrx_word' id='word_1_297' title='bbox 1157 4309 1377 4456; x_wconf 83' lang='lat' dir='ltr'>Feuchtiglrcil</span> <span class='ocrx_word' id='word_1_298' title='bbox 1398 4377 1433 4420; x_wconf 88' lang='lat' dir='ltr'>so</span> <span class='ocrx_word' id='word_1_299' title='bbox 1477 4351 1601 4454; x_wconf 78' lang='lat' dir='ltr'>elitteu,</span> <span class='ocrx_word' id='word_1_300' title='bbox 1627 4354 1698 4418; x_wconf 87' lang='lat' dir='ltr'>dass</span> <span class='ocrx_word' id='word_1_301' title='bbox 1720 4375 1752 4417; x_wconf 84' lang='lat' dir='ltr'>es</span> <span class='ocrx_word' id='word_1_302' title='bbox 1774 4371 1816 4416; x_wconf 90' lang='lat' dir='ltr'>on</span> <span class='ocrx_word' id='word_1_303' title='bbox 1837 4353 1906 4417; x_wconf 85' lang='lat' dir='ltr'>vie-</span> 
     </span>
     <span class='ocr_line' id='line_1_32' title="bbox 321 4435 1905 4544; baseline -0.003 -38"><span class='ocrx_word' id='word_1_304' title='bbox 321 4439 375 4507; x_wconf 90' lang='lat' dir='ltr'>len</span> <span class='ocrx_word' id='word_1_305' title='bbox 397 4440 516 4542; x_wconf 78' lang='lat' dir='ltr'>Stelleu</span> <span class='ocrx_word' id='word_1_306' title='bbox 537 4441 627 4542; x_wconf 67' lang='lat' dir='ltr'>urchi</span> <span class='ocrx_word' id='word_1_307' title='bbox 648 4441 740 4508; x_wconf 87' lang='lat' dir='ltr'>mehr</span> <span class='ocrx_word' id='word_1_308' title='bbox 760 4437 866 4507; x_wconf 81' lang='lat' dir='ltr'>lcsher</span> <span class='ocrx_word' id='word_1_309' title='bbox 885 4461 967 4519; x_wconf 80' lang='lat' dir='ltr'>war,</span> <span class='ocrx_word' id='word_1_310' title='bbox 988 4437 1128 4544; x_wconf 70' lang='lat' dir='ltr'>weshqlb</span> <span class='ocrx_word' id='word_1_311' title='bbox 1149 4461 1206 4540; x_wconf 73' lang='lat' dir='ltr'>aus</span> <span class='ocrx_word' id='word_1_312' title='bbox 1228 4463 1316 4506; x_wconf 86' lang='lat' dir='ltr'>erner</span> <span class='ocrx_word' id='word_1_313' title='bbox 1336 4437 1432 4540; x_wconf 66' lang='lat' dir='ltr'>hegla</span> <span class='ocrx_word' id='word_1_314' title='bbox 1478 4463 1577 4530; x_wconf 79' lang='lat' dir='ltr'>rgung</span> <span class='ocrx_word' id='word_1_315' title='bbox 1597 4435 1762 4503; x_wconf 86' lang='lat' dir='ltr'>desselben</span> <span class='ocrx_word' id='word_1_316' title='bbox 1782 4457 1858 4536; x_wconf 79' lang='lat' dir='ltr'>vern</span> <span class='ocrx_word' id='word_1_317' title='bbox 1878 4436 1905 4502; x_wconf 88' lang='lat' dir='ltr'>l.</span> 
     </span>
     <span class='ocr_line' id='line_1_33' title="bbox 321 4521 1906 4758; baseline -0.004 -81"><span class='ocrx_word' id='word_1_318' title='bbox 321 4525 478 4710; x_wconf 62' lang='lat' dir='ltr'>llll-ull</span> <span class='ocrx_word' id='word_1_319' title='bbox 492 4521 1906 4758; x_wconf 48' lang='lat' dir='ltr'>ildlldllbliidllssbiigtbi’dlfhigl&#39;tl‘lltldlbdll?le·</span> 
     </span>
     <span class='ocr_line' id='line_1_34' title="bbox 321 4689 1904 4846; baseline -0.004 -84"><span class='ocrx_word' id='word_1_320' title='bbox 321 4707 381 4762; x_wconf 88' lang='lat' dir='ltr'>mrt</span> <span class='ocrx_word' id='word_1_321' title='bbox 407 4695 481 4796; x_wconf 69' lang='lat' dir='ltr'>deru</span> <span class='ocrx_word' id='word_1_322' title='bbox 506 4717 547 4760; x_wconf 89' lang='lat' dir='ltr'>en</span> <span class='ocrx_word' id='word_1_323' title='bbox 573 4693 876 4790; x_wconf 77' lang='lat' dir='ltr'>Pegsmentstreileu</span> <span class='ocrx_word' id='word_1_324' title='bbox 902 4694 1093 4846; x_wconf 60' lang='lat' dir='ltr'>hiuqeudeu</span> <span class='ocrx_word' id='word_1_325' title='bbox 1114 4692 1220 4818; x_wconf 70' lang='lat' dir='ltr'>Sregel</span> <span class='ocrx_word' id='word_1_326' title='bbox 1265 4717 1297 4759; x_wconf 90' lang='lat' dir='ltr'>es</span> <span class='ocrx_word' id='word_1_327' title='bbox 1318 4691 1494 4794; x_wconf 73' lang='lat' dir='ltr'>Officrelels</span> <span class='ocrx_word' id='word_1_328' title='bbox 1521 4717 1583 4800; x_wconf 71' lang='lat' dir='ltr'>qen</span> <span class='ocrx_word' id='word_1_329' title='bbox 1610 4691 1738 4791; x_wconf 79' lang='lat' dir='ltr'>rothem</span> <span class='ocrx_word' id='word_1_330' title='bbox 1762 4689 1904 4756; x_wconf 86' lang='lat' dir='ltr'>Wechse</span> 
     </span>
     <span class='ocr_line' id='line_1_35' title="bbox 322 4771 1905 4881; baseline -0.004 -35"><span class='ocrx_word' id='word_1_331' title='bbox 322 4778 539 4881; x_wconf 65' lang='lat' dir='ltr'>aufmersseur</span> <span class='ocrx_word' id='word_1_332' title='bbox 560 4781 717 4881; x_wconf 68' lang='lat' dir='ltr'>chhse,</span> <span class='ocrx_word' id='word_1_333' title='bbox 738 4779 837 4846; x_wconf 85' lang='lat' dir='ltr'>luutet</span> <span class='ocrx_word' id='word_1_334' title='bbox 857 4777 966 4874; x_wconf 81' lang='lat' dir='ltr'>solgcu</span> <span class='ocrx_word' id='word_1_335' title='bbox 988 4800 1186 4880; x_wconf 41' lang='lat' dir='ltr'>cumulamen..</span> <span class='ocrx_word' id='word_1_336' title='bbox 1225 4779 1360 4845; x_wconf 87' lang='lat' dir='ltr'>Jecobus</span> <span class='ocrx_word' id='word_1_337' title='bbox 1374 4777 1554 4880; x_wconf 77' lang='lat' dir='ltr'>Eagnlgerr,</span> <span class='ocrx_word' id='word_1_338' title='bbox 1582 4798 1754 4846; x_wconf 77' lang='lat' dir='ltr'>cononicus</span> <span class='ocrx_word' id='word_1_339' title='bbox 1775 4787 1807 4842; x_wconf 86' lang='lat' dir='ltr'>et</span> <span class='ocrx_word' id='word_1_340' title='bbox 1829 4771 1905 4876; x_wconf 81' lang='lat' dir='ltr'>,⁰ffi‘</span> 
     </span>
     <span class='ocr_line' id='line_1_36' title="bbox 322 4859 1904 5041; baseline -0.005 -25"><span class='ocrx_word' id='word_1_341' title='bbox 322 4861 1035 5041; x_wconf 42' lang='lat' dir='ltr'>usmete,</span> <span class='ocrx_word' id='word_1_342' title='bbox 1051 4862 1301 5016; x_wconf 62' lang='lat' dir='ltr'>,bessu</span> <span class='ocrx_word' id='word_1_343' title='bbox 1448 4859 1904 5016; x_wconf 49' lang='lat' dir='ltr'>,cubuclesius</span> 
     </span>
    </p>

    <p class='ocr_par' dir='ltr' id='par_1_10' title="bbox 1613 4965 1904 5115">
     <span class='ocr_line' id='line_1_37' title="bbox 1613 4965 1904 5115; baseline -0.003 -79"><span class='ocrx_word' id='word_1_344' title='bbox 1613 4970 1658 5115; x_wconf 72' lang='lat' dir='ltr'>l3&#39;.3</span> <span class='ocrx_word' id='word_1_345' title='bbox 1861 4965 1904 5035; x_wconf 61' lang='grc' dir='ltr'><em>Ψ</em></span> 
     </span>
    </p>
   </div>
   <div class='ocr_carea' id='block_1_8' title="bbox 0 0 2302 5769">
    <p class='ocr_par' dir='ltr' id='par_1_11' title="bbox 0 0 2302 5769">
     <span class='ocr_line' id='line_1_38' title="bbox 0 0 2302 5769; baseline 0 0"><span class='ocrx_word' id='word_1_346' title='bbox 0 0 2302 5769; x_wconf 95' lang='lat' dir='ltr'> </span> 
     </span>
    </p>
   </div>
  </div>
 </body>
</html>
