<?xml version="1.0" encoding="UTF-8"?>
<!DOCTYPE html PUBLIC "-//W3C//DTD XHTML 1.0 Transitional//EN"
    "http://www.w3.org/TR/xhtml1/DTD/xhtml1-transitional.dtd">
<html xmlns="http://www.w3.org/1999/xhtml" xml:lang="en" lang="en">
 <head>
  <title>
</title>
<meta http-equiv="Content-Type" content="text/html;charset=utf-8" />
  <meta name='ocr-system' content='tesseract 3.04.00' />
  <meta name='ocr-capabilities' content='ocr_page ocr_carea ocr_par ocr_line ocrx_word'/>
</head>
<body>
  <div class='ocr_page' id='page_1' title='image "./urkundenzurgesc00stengoog_0252.png"; bbox 0 0 4634 5762; ppageno 0'>
   <div class='ocr_carea' id='block_1_1' title="bbox 0 0 3 567">
    <p class='ocr_par' dir='ltr' id='par_1_1' title="bbox 0 0 3 567">
     <span class='ocr_line' id='line_1_1' title="bbox 0 0 3 567; baseline 0 0"><span class='ocrx_word' id='word_1_1' title='bbox 0 0 3 567; x_wconf 95' lang='lat' dir='ltr'><strong><em> </em></strong></span> 
     </span>
    </p>
   </div>
   <div class='ocr_carea' id='block_1_2' title="bbox 0 1029 2 1734">
    <p class='ocr_par' dir='ltr' id='par_1_2' title="bbox 0 1029 2 1734">
     <span class='ocr_line' id='line_1_2' title="bbox 0 1029 2 1734; baseline 0 0"><span class='ocrx_word' id='word_1_2' title='bbox 0 1029 2 1734; x_wconf 95' lang='lat' dir='ltr'><strong><em> </em></strong></span> 
     </span>
    </p>
   </div>
   <div class='ocr_carea' id='block_1_3' title="bbox 0 4450 3 5740">
    <p class='ocr_par' dir='ltr' id='par_1_3' title="bbox 0 4450 3 5740">
     <span class='ocr_line' id='line_1_3' title="bbox 0 4450 3 5740; baseline 0 0"><span class='ocrx_word' id='word_1_3' title='bbox 0 4450 3 5740; x_wconf 95' lang='lat' dir='ltr'><strong><em> </em></strong></span> 
     </span>
    </p>
   </div>
   <div class='ocr_carea' id='block_1_4' title="bbox 835 523 1928 644">
    <p class='ocr_par' dir='ltr' id='par_1_4' title="bbox 835 523 1928 644">
     <span class='ocr_line' id='line_1_4' title="bbox 835 523 1928 644; baseline 0.005 -44"><span class='ocrx_word' id='word_1_4' title='bbox 835 525 1046 600; x_wconf 76' lang='lat' dir='ltr'><strong><em>Uriuudera</em></strong></span> <span class='ocrx_word' id='word_1_5' title='bbox 1103 523 1332 600; x_wconf 83' lang='lat' dir='ltr'><strong><em>CXXXIII.</em></strong></span> <span class='ocrx_word' id='word_1_6' title='bbox 1529 637 1532 644; x_wconf 13' lang='grc' dir='ltr'><strong><em>Δ</em></strong></span> <span class='ocrx_word' id='word_1_7' title='bbox 1858 529 1928 608; x_wconf 77' lang='lat' dir='ltr'><strong><em>bil</em></strong></span> 
     </span>
    </p>
   </div>
   <div class='ocr_carea' id='block_1_5' title="bbox 148 725 1991 4671">
    <p class='ocr_par' dir='ltr' id='par_1_5' title="bbox 148 725 1937 2078">
     <span class='ocr_line' id='line_1_5' title="bbox 148 725 1935 837; baseline 0.002 -29"><span class='ocrx_word' id='word_1_8' title='bbox 148 743 151 752; x_wconf 89' lang='lat'>&#39;</span> <span class='ocrx_word' id='word_1_9' title='bbox 243 732 279 808; x_wconf 83' lang='lat' dir='ltr'><strong><em>iu</em></strong></span> <span class='ocrx_word' id='word_1_10' title='bbox 303 751 374 837; x_wconf 79' lang='lat' dir='ltr'><strong><em>quo</em></strong></span> <span class='ocrx_word' id='word_1_11' title='bbox 399 725 511 808; x_wconf 79' lang='lat' dir='ltr'><strong><em>dotet</em></strong></span> <span class='ocrx_word' id='word_1_12' title='bbox 535 727 922 808; x_wconf 68' lang='lat' dir='ltr'><strong><em>excommunicacionis</em></strong></span> <span class='ocrx_word' id='word_1_13' title='bbox 945 725 1088 830; x_wconf 83' lang='lat' dir='ltr'><strong><em>questio</em></strong></span> <span class='ocrx_word' id='word_1_14' title='bbox 1110 729 1294 824; x_wconf 62' lang='lat' dir='ltr'><strong><em>venum,</em></strong></span> <span class='ocrx_word' id='word_1_15' title='bbox 1327 727 1548 823; x_wconf 66' lang='lat' dir='ltr'><strong><em>adimentes,</em></strong></span> <span class='ocrx_word' id='word_1_16' title='bbox 1583 739 1678 832; x_wconf 76' lang='lat' dir='ltr'><strong><em>quod</em></strong></span> <span class='ocrx_word' id='word_1_17' title='bbox 1700 736 1840 822; x_wconf 78' lang='lat' dir='ltr'><strong><em>culice,</em></strong></span> <span class='ocrx_word' id='word_1_18' title='bbox 1867 765 1935 812; x_wconf 79' lang='lat' dir='ltr'><strong><em>ee-</em></strong></span> 
     </span>
     <span class='ocr_line' id='line_1_6' title="bbox 245 839 1935 942; baseline 0.004 -32"><span class='ocrx_word' id='word_1_19' title='bbox 245 849 353 934; x_wconf 82' lang='lat' dir='ltr'><strong><em>ceptu</em></strong></span> <span class='ocrx_word' id='word_1_20' title='bbox 369 840 463 910; x_wconf 87' lang='lat' dir='ltr'><strong><em>dom.</em></strong></span> <span class='ocrx_word' id='word_1_21' title='bbox 485 863 592 934; x_wconf 82' lang='lat' dir='ltr'><strong><em>popu</em></strong></span> <span class='ocrx_word' id='word_1_22' title='bbox 610 841 943 920; x_wconf 66' lang='lat' dir='ltr'><strong><em>excommunicare,</em></strong></span> <span class='ocrx_word' id='word_1_23' title='bbox 970 840 1200 933; x_wconf 78' lang='lat' dir='ltr'><strong><em>suspendere</em></strong></span> <span class='ocrx_word' id='word_1_24' title='bbox 1217 843 1276 909; x_wconf 90' lang='lat' dir='ltr'><strong><em>vel</em></strong></span> <span class='ocrx_word' id='word_1_25' title='bbox 1294 841 1517 911; x_wconf 69' lang='lat' dir='ltr'><strong><em>interdicere</em></strong></span> <span class='ocrx_word' id='word_1_26' title='bbox 1535 863 1598 910; x_wconf 84' lang='lat' dir='ltr'><strong><em>eos</em></strong></span> <span class='ocrx_word' id='word_1_27' title='bbox 1613 853 1738 936; x_wconf 82' lang='lat' dir='ltr'><strong><em>posset</em></strong></span> <span class='ocrx_word' id='word_1_28' title='bbox 1750 839 1777 930; x_wconf 91' lang='lat'><strong><em>¹)</em></strong></span> <span class='ocrx_word' id='word_1_29' title='bbox 1799 847 1838 916; x_wconf 80' lang='lat' dir='ltr'><strong><em>et</em></strong></span> <span class='ocrx_word' id='word_1_30' title='bbox 1853 839 1935 942; x_wconf 83' lang='lat' dir='ltr'><strong><em>piu·</em></strong></span> 
     </span>
     <span class='ocr_line' id='line_1_7' title="bbox 244 935 1934 1045; baseline 0.001 -27"><span class='ocrx_word' id='word_1_31' title='bbox 244 963 308 1018; x_wconf 87' lang='lat' dir='ltr'><strong><em>res</em></strong></span> <span class='ocrx_word' id='word_1_32' title='bbox 332 961 478 1016; x_wconf 84' lang='lat' dir='ltr'><strong><em>errores</em></strong></span> <span class='ocrx_word' id='word_1_33' title='bbox 494 938 656 1015; x_wconf 76' lang='lat' dir='ltr'><strong><em>inseruit</em></strong></span> <span class='ocrx_word' id='word_1_34' title='bbox 679 936 714 1012; x_wconf 87' lang='lat' dir='ltr'><strong><em>iu</em></strong></span> <span class='ocrx_word' id='word_1_35' title='bbox 733 935 955 1014; x_wconf 87' lang='lat' dir='ltr'><strong><em>sermonibus</em></strong></span> <span class='ocrx_word' id='word_1_36' title='bbox 972 937 1068 1031; x_wconf 88' lang='lat' dir='ltr'><strong><em>suis,</em></strong></span> <span class='ocrx_word' id='word_1_37' title='bbox 1096 935 1245 1016; x_wconf 77' lang='lat' dir='ltr'><strong>cottidie</strong></span> <span class='ocrx_word' id='word_1_38' title='bbox 1263 935 1539 1016; x_wconf 83' lang='lat' dir='ltr'><strong><em>dehonestando</em></strong></span> <span class='ocrx_word' id='word_1_39' title='bbox 1555 963 1746 1045; x_wconf 78' lang='lat' dir='ltr'><strong><em>personum</em></strong></span> <span class='ocrx_word' id='word_1_40' title='bbox 1764 954 1934 1035; x_wconf 70' lang='lat' dir='ltr'><strong><em>norrun,</em></strong></span> 
     </span>
     <span class='ocr_line' id='line_1_8' title="bbox 246 1039 1914 1142; baseline -0.002 -20"><span class='ocrx_word' id='word_1_41' title='bbox 246 1043 375 1122; x_wconf 83' lang='lat' dir='ltr'><strong><em>claves</em></strong></span> <span class='ocrx_word' id='word_1_42' title='bbox 392 1041 558 1120; x_wconf 87' lang='lat' dir='ltr'><strong><em>ecclesie</em></strong></span> <span class='ocrx_word' id='word_1_43' title='bbox 574 1040 879 1142; x_wconf 72' lang='lat' dir='ltr'><strong><em>mnoenpeemee.</em></strong></span> <span class='ocrx_word' id='word_1_44' title='bbox 995 1039 999 1050; x_wconf 87' lang='lat'>&#39;</span> <span class='ocrx_word' id='word_1_45' title='bbox 1194 1044 1196 1050; x_wconf 83' lang='lat'>&#39;</span> <span class='ocrx_word' id='word_1_46' title='bbox 1449 1043 1453 1050; x_wconf 80' lang='grc'><strong>“</strong></span> <span class='ocrx_word' id='word_1_47' title='bbox 1911 1050 1914 1056; x_wconf 72' lang='lat'>‘</span> 
     </span>
     <span class='ocr_line' id='line_1_9' title="bbox 252 1140 1935 1248; baseline 0.002 -27"><span class='ocrx_word' id='word_1_48' title='bbox 252 1176 256 1187; x_wconf 63' lang='lat'><strong><em>¹</em></strong></span> <span class='ocrx_word' id='word_1_49' title='bbox 347 1143 413 1221; x_wconf 83' lang='lat' dir='ltr'><strong><em>Ad</em></strong></span> <span class='ocrx_word' id='word_1_50' title='bbox 433 1146 524 1238; x_wconf 85' lang='lat' dir='ltr'><strong><em>bec,</em></strong></span> <span class='ocrx_word' id='word_1_51' title='bbox 551 1143 647 1246; x_wconf 88' lang='lat' dir='ltr'><strong><em>quod</em></strong></span> <span class='ocrx_word' id='word_1_52' title='bbox 669 1143 830 1222; x_wconf 79' lang='lat' dir='ltr'><strong><em>deteritu</em></strong></span> <span class='ocrx_word' id='word_1_53' title='bbox 857 1153 916 1222; x_wconf 85' lang='lat' dir='ltr'><strong><em>est</em></strong></span> <span class='ocrx_word' id='word_1_54' title='bbox 940 1140 1105 1236; x_wconf 87' lang='lat' dir='ltr'><strong><em>accedit,</em></strong></span> <span class='ocrx_word' id='word_1_55' title='bbox 1139 1141 1302 1246; x_wconf 86' lang='lat' dir='ltr'><strong><em>quoniam</em></strong></span> <span class='ocrx_word' id='word_1_56' title='bbox 1323 1142 1420 1222; x_wconf 89' lang='lat' dir='ltr'><strong><em>idem</em></strong></span> <span class='ocrx_word' id='word_1_57' title='bbox 1444 1143 1538 1222; x_wconf 92' lang='lat' dir='ltr'><strong><em>dom.</em></strong></span> <span class='ocrx_word' id='word_1_58' title='bbox 1563 1143 1659 1238; x_wconf 83' lang='lat' dir='ltr'><strong><em>dux,</em></strong></span> <span class='ocrx_word' id='word_1_59' title='bbox 1686 1147 1745 1246; x_wconf 82' lang='lat' dir='ltr'><strong><em>qui</em></strong></span> <span class='ocrx_word' id='word_1_60' title='bbox 1764 1152 1844 1248; x_wconf 86' lang='lat' dir='ltr'><strong><em>jam</em></strong></span> <span class='ocrx_word' id='word_1_61' title='bbox 1867 1154 1935 1224; x_wconf 83' lang='lat' dir='ltr'><strong><em>du·</em></strong></span> 
     </span>
     <span class='ocr_line' id='line_1_10' title="bbox 246 1243 1936 1350; baseline 0.002 -23"><span class='ocrx_word' id='word_1_62' title='bbox 246 1248 329 1327; x_wconf 81' lang='lat' dir='ltr'><strong><em>dum</em></strong></span> <span class='ocrx_word' id='word_1_63' title='bbox 352 1273 377 1326; x_wconf 80' lang='lat' dir='ltr'><strong><em>u</em></strong></span> <span class='ocrx_word' id='word_1_64' title='bbox 398 1249 630 1350; x_wconf 87' lang='lat' dir='ltr'><strong><em>proteccione</em></strong></span> <span class='ocrx_word' id='word_1_65' title='bbox 655 1249 724 1324; x_wconf 87' lang='lat' dir='ltr'><strong><em>sua</em></strong></span> <span class='ocrx_word' id='word_1_66' title='bbox 744 1243 882 1349; x_wconf 79' lang='lat' dir='ltr'><strong><em>rejecit</em></strong></span> <span class='ocrx_word' id='word_1_67' title='bbox 897 1271 1034 1324; x_wconf 87' lang='lat' dir='ltr'><strong><em>omnem</em></strong></span> <span class='ocrx_word' id='word_1_68' title='bbox 1051 1248 1196 1324; x_wconf 86' lang='lat' dir='ltr'><strong><em>olerum</em></strong></span> <span class='ocrx_word' id='word_1_69' title='bbox 1211 1247 1457 1348; x_wconf 80' lang='lat' dir='ltr'><strong><em>religiosorum</em></strong></span> <span class='ocrx_word' id='word_1_70' title='bbox 1481 1249 1778 1340; x_wconf 86' lang='lat' dir='ltr'><strong><em>et&#39;secularium,</em></strong></span> <span class='ocrx_word' id='word_1_71' title='bbox 1805 1253 1936 1331; x_wconf 84' lang='lat' dir='ltr'><strong><em>obser·</em></strong></span> 
     </span>
     <span class='ocr_line' id='line_1_11' title="bbox 245 1348 1935 1458; baseline 0.001 -30"><span class='ocrx_word' id='word_1_72' title='bbox 245 1353 410 1432; x_wconf 69' lang='lat' dir='ltr'><strong><em>saucium</em></strong></span> <span class='ocrx_word' id='word_1_73' title='bbox 433 1353 597 1432; x_wconf 85' lang='lat' dir='ltr'><strong><em>ecolesie</em></strong></span> <span class='ocrx_word' id='word_1_74' title='bbox 622 1353 808 1444; x_wconf 78' lang='lat' dir='ltr'><strong><em>critatem,</em></strong></span> <span class='ocrx_word' id='word_1_75' title='bbox 833 1351 869 1426; x_wconf 86' lang='lat' dir='ltr'><strong><em>iu</em></strong></span> <span class='ocrx_word' id='word_1_76' title='bbox 896 1348 1025 1428; x_wconf 87' lang='lat' dir='ltr'><strong><em>eodem</em></strong></span> <span class='ocrx_word' id='word_1_77' title='bbox 1050 1349 1173 1428; x_wconf 87' lang='lat' dir='ltr'><strong><em>edicto</em></strong></span> <span class='ocrx_word' id='word_1_78' title='bbox 1196 1352 1232 1426; x_wconf 88' lang='lat' dir='ltr'><strong><em>iu</em></strong></span> <span class='ocrx_word' id='word_1_79' title='bbox 1250 1353 1399 1430; x_wconf 71' lang='lat' dir='ltr'><strong><em>ciuitate</em></strong></span> <span class='ocrx_word' id='word_1_80' title='bbox 1416 1353 1560 1428; x_wconf 88' lang='lat' dir='ltr'><strong><em>Wrat.</em></strong></span> <span class='ocrx_word' id='word_1_81' title='bbox 1582 1351 1673 1430; x_wconf 85' lang='lat' dir='ltr'><strong><em>iecit</em></strong></span> <span class='ocrx_word' id='word_1_82' title='bbox 1689 1353 1851 1432; x_wconf 84' lang='lat' dir='ltr'><strong><em>similiter</em></strong></span> <span class='ocrx_word' id='word_1_83' title='bbox 1866 1381 1935 1458; x_wconf 87' lang='lat' dir='ltr'><strong><em>pu·</em></strong></span> 
     </span>
     <span class='ocr_line' id='line_1_12' title="bbox 245 1455 1937 1556; baseline 0.002 -21"><span class='ocrx_word' id='word_1_84' title='bbox 245 1457 392 1548; x_wconf 72' lang='lat' dir='ltr'><strong><em>blictiri,</em></strong></span> <span class='ocrx_word' id='word_1_85' title='bbox 417 1463 515 1556; x_wconf 74' lang='lat' dir='ltr'><strong><em>quod</em></strong></span> <span class='ocrx_word' id='word_1_86' title='bbox 531 1463 654 1532; x_wconf 72' lang='lat' dir='ltr'><strong><em>nudus</em></strong></span> <span class='ocrx_word' id='word_1_87' title='bbox 670 1462 813 1530; x_wconf 72' lang='lat' dir='ltr'><strong><em>oedem</em></strong></span> <span class='ocrx_word' id='word_1_88' title='bbox 826 1461 987 1532; x_wconf 70' lang='lat' dir='ltr'><strong><em>meere</em></strong></span> <span class='ocrx_word' id='word_1_89' title='bbox 1005 1455 1149 1554; x_wconf 72' lang='lat' dir='ltr'><strong><em>aliquid</em></strong></span> <span class='ocrx_word' id='word_1_90' title='bbox 1166 1463 1334 1554; x_wconf 78' lang='lat' dir='ltr'><strong><em>cuipiam</em></strong></span> <span class='ocrx_word' id='word_1_91' title='bbox 1355 1465 1614 1534; x_wconf 73' lang='lat' dir='ltr'><strong><em>canonicorum</em></strong></span> <span class='ocrx_word' id='word_1_92' title='bbox 1638 1472 1852 1546; x_wconf 81' lang='lat' dir='ltr'><strong><em>metrorum,</em></strong></span> <span class='ocrx_word' id='word_1_93' title='bbox 1877 1468 1937 1538; x_wconf 82' lang='lat' dir='ltr'><strong><em>vol</em></strong></span> 
     </span>
     <span class='ocr_line' id='line_1_13' title="bbox 245 1562 1937 1662; baseline 0.001 -24"><span class='ocrx_word' id='word_1_94' title='bbox 245 1568 464 1638; x_wconf 79' lang='lat' dir='ltr'><strong><em>uicurioruu</em></strong></span> <span class='ocrx_word' id='word_1_95' title='bbox 488 1573 556 1634; x_wconf 87' lang='lat' dir='ltr'><strong><em>uut</em></strong></span> <span class='ocrx_word' id='word_1_96' title='bbox 576 1567 741 1658; x_wconf 82' lang='lat' dir='ltr'><strong><em>ipsorum</em></strong></span> <span class='ocrx_word' id='word_1_97' title='bbox 757 1562 943 1656; x_wconf 78' lang='lat' dir='ltr'><strong><em>familiis,</em></strong></span> <span class='ocrx_word' id='word_1_98' title='bbox 969 1567 1030 1634; x_wconf 87' lang='lat' dir='ltr'><strong><em>uel</em></strong></span> <span class='ocrx_word' id='word_1_99' title='bbox 1057 1565 1147 1634; x_wconf 84' lang='lat' dir='ltr'><strong><em>uliis</em></strong></span> <span class='ocrx_word' id='word_1_100' title='bbox 1171 1567 1321 1636; x_wconf 73' lang='lat' dir='ltr'><strong><em>clericis</em></strong></span> <span class='ocrx_word' id='word_1_101' title='bbox 1343 1568 1532 1662; x_wconf 77' lang='lat' dir='ltr'><strong><em>religiosis</em></strong></span> <span class='ocrx_word' id='word_1_102' title='bbox 1548 1575 1586 1636; x_wconf 88' lang='lat' dir='ltr'><strong><em>et</em></strong></span> <span class='ocrx_word' id='word_1_103' title='bbox 1600 1567 1850 1650; x_wconf 79' lang='lat' dir='ltr'><strong><em>secularibus,</em></strong></span> <span class='ocrx_word' id='word_1_104' title='bbox 1877 1571 1937 1640; x_wconf 86' lang='lat' dir='ltr'><strong><em>uel</em></strong></span> 
     </span>
     <span class='ocr_line' id='line_1_14' title="bbox 246 1667 1935 1764; baseline 0 -23"><span class='ocrx_word' id='word_1_105' title='bbox 246 1673 368 1742; x_wconf 83' lang='lat' dir='ltr'><strong><em>eciam</em></strong></span> <span class='ocrx_word' id='word_1_106' title='bbox 386 1671 551 1762; x_wconf 76' lang='lat' dir='ltr'><strong><em>ipserum</em></strong></span> <span class='ocrx_word' id='word_1_107' title='bbox 560 1667 729 1760; x_wconf 81' lang='lat' dir='ltr'><strong><em>sumiliis</em></strong></span> <span class='ocrx_word' id='word_1_108' title='bbox 744 1691 860 1762; x_wconf 79' lang='lat' dir='ltr'><strong><em>neque</em></strong></span> <span class='ocrx_word' id='word_1_109' title='bbox 878 1669 979 1760; x_wconf 81' lang='lat' dir='ltr'><strong><em>ipsos</em></strong></span> <span class='ocrx_word' id='word_1_110' title='bbox 993 1667 1137 1737; x_wconf 87' lang='lat' dir='ltr'><strong><em>cudeul</em></strong></span> <span class='ocrx_word' id='word_1_111' title='bbox 1152 1667 1191 1738; x_wconf 81' lang='lat' dir='ltr'><strong><em>iu</em></strong></span> <span class='ocrx_word' id='word_1_112' title='bbox 1206 1690 1313 1738; x_wconf 82' lang='lat' dir='ltr'><strong><em>suum</em></strong></span> <span class='ocrx_word' id='word_1_113' title='bbox 1330 1669 1535 1764; x_wconf 84' lang='lat' dir='ltr'><strong><em>bcepicium</em></strong></span> <span class='ocrx_word' id='word_1_114' title='bbox 1550 1671 1721 1762; x_wconf 88' lang='lat' dir='ltr'><strong><em>recipere</em></strong></span> <span class='ocrx_word' id='word_1_115' title='bbox 1734 1679 1801 1738; x_wconf 80' lang='lat' dir='ltr'><strong><em>cut</em></strong></span> <span class='ocrx_word' id='word_1_116' title='bbox 1814 1673 1935 1742; x_wconf 84' lang='lat' dir='ltr'><strong><em>eciem</em></strong></span> 
     </span>
     <span class='ocr_line' id='line_1_15' title="bbox 245 1767 1937 1868; baseline -0.001 -22"><span class='ocrx_word' id='word_1_117' title='bbox 245 1777 418 1852; x_wconf 65' lang='lat' dir='ltr'><strong><em>reticem</em></strong></span> <span class='ocrx_word' id='word_1_118' title='bbox 443 1774 504 1842; x_wconf 85' lang='lat' dir='ltr'><strong><em>uel</em></strong></span> <span class='ocrx_word' id='word_1_119' title='bbox 520 1773 634 1866; x_wconf 73' lang='lat' dir='ltr'><strong><em>loqui,</em></strong></span> <span class='ocrx_word' id='word_1_120' title='bbox 659 1772 757 1866; x_wconf 82' lang='lat' dir='ltr'><strong><em>quod</em></strong></span> <span class='ocrx_word' id='word_1_121' title='bbox 770 1767 886 1864; x_wconf 80' lang='lat' dir='ltr'><strong><em>pejus</em></strong></span> <span class='ocrx_word' id='word_1_122' title='bbox 902 1779 968 1852; x_wconf 86' lang='lat' dir='ltr'><strong><em>est,</em></strong></span> <span class='ocrx_word' id='word_1_123' title='bbox 993 1769 1062 1840; x_wconf 84' lang='lat' dir='ltr'><strong><em>sub</em></strong></span> <span class='ocrx_word' id='word_1_124' title='bbox 1079 1774 1149 1842; x_wconf 86' lang='lat' dir='ltr'><strong><em>tuli</em></strong></span> <span class='ocrx_word' id='word_1_125' title='bbox 1161 1793 1275 1866; x_wconf 69' lang='lat' dir='ltr'><strong><em>psum</em></strong></span> <span class='ocrx_word' id='word_1_126' title='bbox 1299 1773 1334 1842; x_wconf 82' lang='lat' dir='ltr'><strong><em>ai</em></strong></span> <span class='ocrx_word' id='word_1_127' title='bbox 1348 1795 1500 1867; x_wconf 78' lang='lat' dir='ltr'><strong><em>pauper</em></strong></span> <span class='ocrx_word' id='word_1_128' title='bbox 1514 1773 1726 1842; x_wconf 78' lang='lat' dir='ltr'><strong><em>vendiderit</em></strong></span> <span class='ocrx_word' id='word_1_129' title='bbox 1741 1775 1937 1868; x_wconf 72' lang='lat' dir='ltr'><strong><em>quippiam</em></strong></span> 
     </span>
     <span class='ocr_line' id='line_1_16' title="bbox 247 1873 1936 1972; baseline 0.001 -24"><span class='ocrx_word' id='word_1_130' title='bbox 247 1879 364 1948; x_wconf 82' lang='lat' dir='ltr'><strong><em>elicui</em></strong></span> <span class='ocrx_word' id='word_1_131' title='bbox 384 1877 651 1970; x_wconf 78' lang='lat' dir='ltr'><strong><em>premissorum</em></strong></span> <span class='ocrx_word' id='word_1_132' title='bbox 683 1873 795 1944; x_wconf 90' lang='lat' dir='ltr'><strong><em>debet</em></strong></span> <span class='ocrx_word' id='word_1_133' title='bbox 816 1873 978 1944; x_wconf 84' lang='lat' dir='ltr'><strong><em>membro</em></strong></span> <span class='ocrx_word' id='word_1_134' title='bbox 1002 1876 1126 1968; x_wconf 83' lang='lat' dir='ltr'><strong><em>utiquo</em></strong></span> <span class='ocrx_word' id='word_1_135' title='bbox 1151 1877 1337 1956; x_wconf 83' lang='lat' dir='ltr'><strong><em>mutilari,</em></strong></span> <span class='ocrx_word' id='word_1_136' title='bbox 1362 1877 1397 1946; x_wconf 83' lang='lat' dir='ltr'><strong><em>ai</em></strong></span> <span class='ocrx_word' id='word_1_137' title='bbox 1419 1899 1506 1946; x_wconf 88' lang='lat' dir='ltr'><strong><em>cero</em></strong></span> <span class='ocrx_word' id='word_1_138' title='bbox 1523 1877 1628 1946; x_wconf 83' lang='lat' dir='ltr'><strong><em>diues</em></strong></span> <span class='ocrx_word' id='word_1_139' title='bbox 1643 1875 1784 1968; x_wconf 87' lang='lat' dir='ltr'><strong><em>suerit,</em></strong></span> <span class='ocrx_word' id='word_1_140' title='bbox 1811 1881 1936 1972; x_wconf 83' lang='lat' dir='ltr'><strong><em>cupite</em></strong></span> 
     </span>
     <span class='ocr_line' id='line_1_17' title="bbox 243 1973 1880 2078; baseline -0.001 -26"><span class='ocrx_word' id='word_1_141' title='bbox 243 1979 473 2078; x_wconf 74' lang='lat' dir='ltr'><strong><em>privabitur,</em></strong></span> <span class='ocrx_word' id='word_1_142' title='bbox 499 1987 537 2048; x_wconf 84' lang='lat' dir='ltr'><strong><em>et</em></strong></span> <span class='ocrx_word' id='word_1_143' title='bbox 551 1980 675 2049; x_wconf 73' lang='lat' dir='ltr'><strong><em>omniu</em></strong></span> <span class='ocrx_word' id='word_1_144' title='bbox 693 1973 788 2048; x_wconf 83' lang='lat' dir='ltr'><strong><em>boue</em></strong></span> <span class='ocrx_word' id='word_1_145' title='bbox 804 2001 874 2072; x_wconf 86' lang='lat' dir='ltr'><strong><em>que</em></strong></span> <span class='ocrx_word' id='word_1_146' title='bbox 890 1977 1063 2047; x_wconf 75' lang='lat' dir='ltr'><strong><em>habuerit</em></strong></span> <span class='ocrx_word' id='word_1_147' title='bbox 1079 1977 1281 2070; x_wconf 72' lang='lat' dir='ltr'><strong><em>adfiicum</em></strong></span> <span class='ocrx_word' id='word_1_148' title='bbox 1299 1979 1418 2072; x_wconf 83' lang='lat' dir='ltr'><strong><em>ipsius</em></strong></span> <span class='ocrx_word' id='word_1_149' title='bbox 1431 1981 1618 2072; x_wconf 78' lang='lat' dir='ltr'><strong><em>principie</em></strong></span> <span class='ocrx_word' id='word_1_150' title='bbox 1634 1980 1880 2050; x_wconf 74' lang='lat' dir='ltr'><strong><em>desulueutur.</em></strong></span> 
     </span>
    </p>

    <p class='ocr_par' dir='ltr' id='par_1_6' title="bbox 240 2075 1991 4671">
     <span class='ocr_line' id='line_1_18' title="bbox 350 2075 1936 2176; baseline 0.001 -22"><span class='ocrx_word' id='word_1_151' title='bbox 350 2079 433 2155; x_wconf 83' lang='lat' dir='ltr'><strong><em>Hes</em></strong></span> <span class='ocrx_word' id='word_1_152' title='bbox 451 2075 630 2152; x_wconf 73' lang='lat' dir='ltr'><strong><em>novitates</em></strong></span> <span class='ocrx_word' id='word_1_153' title='bbox 648 2085 719 2152; x_wconf 84' lang='lat' dir='ltr'><strong><em>tam</em></strong></span> <span class='ocrx_word' id='word_1_154' title='bbox 736 2099 872 2176; x_wconf 76' lang='lat' dir='ltr'><strong><em>grurus</em></strong></span> <span class='ocrx_word' id='word_1_155' title='bbox 890 2087 928 2152; x_wconf 88' lang='lat' dir='ltr'><strong><em>et</em></strong></span> <span class='ocrx_word' id='word_1_156' title='bbox 944 2075 1086 2167; x_wconf 80' lang='lat' dir='ltr'><strong><em>noxias,</em></strong></span> <span class='ocrx_word' id='word_1_157' title='bbox 1112 2087 1185 2152; x_wconf 89' lang='lat' dir='ltr'><strong><em>tam</em></strong></span> <span class='ocrx_word' id='word_1_158' title='bbox 1196 2076 1307 2152; x_wconf 82' lang='lat' dir='ltr'><strong><em>uobis</em></strong></span> <span class='ocrx_word' id='word_1_159' title='bbox 1324 2101 1428 2176; x_wconf 89' lang='lat' dir='ltr'><strong><em>quam</em></strong></span> <span class='ocrx_word' id='word_1_160' title='bbox 1446 2077 1610 2154; x_wconf 88' lang='lat' dir='ltr'><strong><em>ecclesie</em></strong></span> <span class='ocrx_word' id='word_1_161' title='bbox 1626 2087 1760 2169; x_wconf 86' lang='lat' dir='ltr'><strong><em>eostre,</em></strong></span> <span class='ocrx_word' id='word_1_162' title='bbox 1787 2089 1825 2156; x_wconf 91' lang='lat' dir='ltr'><strong><em>et</em></strong></span> <span class='ocrx_word' id='word_1_163' title='bbox 1841 2077 1936 2156; x_wconf 81' lang='lat' dir='ltr'><strong><em>olias</em></strong></span> 
     </span>
     <span class='ocr_line' id='line_1_19' title="bbox 247 2177 1937 2286; baseline 0.002 -28"><span class='ocrx_word' id='word_1_164' title='bbox 247 2183 476 2286; x_wconf 71' lang='lat' dir='ltr'><strong><em>quamplures</em></strong></span> <span class='ocrx_word' id='word_1_165' title='bbox 492 2179 599 2272; x_wconf 86' lang='lat' dir='ltr'><strong><em>iacit,</em></strong></span> <span class='ocrx_word' id='word_1_166' title='bbox 627 2204 696 2280; x_wconf 82' lang='lat' dir='ltr'><strong><em>que</em></strong></span> <span class='ocrx_word' id='word_1_167' title='bbox 719 2205 744 2255; x_wconf 86' lang='lat' dir='ltr'><strong><em>a</em></strong></span> <span class='ocrx_word' id='word_1_168' title='bbox 760 2180 888 2256; x_wconf 87' lang='lat' dir='ltr'><strong><em>seculo</em></strong></span> <span class='ocrx_word' id='word_1_169' title='bbox 905 2191 1093 2280; x_wconf 86' lang='lat' dir='ltr'><strong><em>postquam</em></strong></span> <span class='ocrx_word' id='word_1_170' title='bbox 1115 2178 1210 2257; x_wconf 85' lang='lat' dir='ltr'><strong><em>lidos</em></strong></span> <span class='ocrx_word' id='word_1_171' title='bbox 1228 2177 1366 2259; x_wconf 82' lang='lat' dir='ltr'><strong><em>Christi</em></strong></span> <span class='ocrx_word' id='word_1_172' title='bbox 1383 2181 1510 2281; x_wconf 77' lang='lat' dir='ltr'><strong><em>rigere</em></strong></span> <span class='ocrx_word' id='word_1_173' title='bbox 1528 2205 1574 2258; x_wconf 89' lang='lat' dir='ltr'><strong><em>ee</em></strong></span> <span class='ocrx_word' id='word_1_174' title='bbox 1599 2181 1628 2256; x_wconf 88' lang='lat' dir='ltr'><strong><em>it</em></strong></span> <span class='ocrx_word' id='word_1_175' title='bbox 1648 2181 1684 2256; x_wconf 88' lang='lat' dir='ltr'><strong><em>in</em></strong></span> <span class='ocrx_word' id='word_1_176' title='bbox 1702 2181 1891 2260; x_wconf 87' lang='lat' dir='ltr'><strong><em>Polouia</em></strong></span> <span class='ocrx_word' id='word_1_177' title='bbox 1912 2207 1937 2260; x_wconf 91' lang='lat' dir='ltr'><strong><em>a</em></strong></span> 
     </span>
     <span class='ocr_line' id='line_1_20' title="bbox 246 2207 1936 2391; baseline 0.001 -29"><span class='ocrx_word' id='word_1_178' title='bbox 246 2286 344 2362; x_wconf 81' lang='lat' dir='ltr'><strong><em>nullo</em></strong></span> <span class='ocrx_word' id='word_1_179' title='bbox 360 2307 510 2386; x_wconf 84' lang='lat' dir='ltr'><strong><em>uuquam</em></strong></span> <span class='ocrx_word' id='word_1_180' title='bbox 528 2284 700 2360; x_wconf 84' lang='lat' dir='ltr'><strong><em>homiuum</em></strong></span> <span class='ocrx_word' id='word_1_181' title='bbox 719 2293 802 2358; x_wconf 71' lang='lat' dir='ltr'><strong><em>amit</em></strong></span> <span class='ocrx_word' id='word_1_182' title='bbox 817 2281 952 2376; x_wconf 88' lang='lat' dir='ltr'><strong><em>audite,</em></strong></span> <span class='ocrx_word' id='word_1_183' title='bbox 980 2297 1017 2360; x_wconf 87' lang='lat' dir='ltr'><strong><em>et</em></strong></span> <span class='ocrx_word' id='word_1_184' title='bbox 1034 2283 1108 2360; x_wconf 87' lang='lat' dir='ltr'><strong><em>boc</em></strong></span> <span class='ocrx_word' id='word_1_185' title='bbox 1122 2284 1231 2377; x_wconf 86' lang='lat' dir='ltr'><strong><em>iacit,</em></strong></span> <span class='ocrx_word' id='word_1_186' title='bbox 1258 2282 1435 2361; x_wconf 83' lang='lat' dir='ltr'><strong><em>trabeudo</em></strong></span> <span class='ocrx_word' id='word_1_187' title='bbox 1452 2309 1519 2360; x_wconf 87' lang='lat' dir='ltr'><strong><em>uos</em></strong></span> <span class='ocrx_word' id='word_1_188' title='bbox 1537 2207 1598 2360; x_wconf 77' lang='lat' dir='ltr'><strong><em>od</em></strong></span> <span class='ocrx_word' id='word_1_189' title='bbox 1597 2283 1773 2385; x_wconf 88' lang='lat' dir='ltr'><strong><em>judicium</em></strong></span> <span class='ocrx_word' id='word_1_190' title='bbox 1796 2299 1834 2364; x_wconf 90' lang='lat' dir='ltr'><strong><em>et</em></strong></span> <span class='ocrx_word' id='word_1_191' title='bbox 1850 2312 1936 2391; x_wconf 91' lang='lat' dir='ltr'><strong><em>pro-</em></strong></span> 
     </span>
     <span class='ocr_line' id='line_1_21' title="bbox 246 2387 1935 2566; baseline -0.004 -96"><span class='ocrx_word' id='word_1_192' title='bbox 246 2387 407 2470; x_wconf 86' lang='lat' dir='ltr'><strong><em>curando</em></strong></span> <span class='ocrx_word' id='word_1_193' title='bbox 433 2387 482 2464; x_wconf 87' lang='lat' dir='ltr'><strong><em>ad</em></strong></span> <span class='ocrx_word' id='word_1_194' title='bbox 505 2397 664 2466; x_wconf 82' lang='lat' dir='ltr'><strong><em>restrum</em></strong></span> <span class='ocrx_word' id='word_1_195' title='bbox 688 2397 728 2463; x_wconf 86' lang='lat' dir='ltr'><strong><em>et</em></strong></span> <span class='ocrx_word' id='word_1_196' title='bbox 749 2398 946 2464; x_wconf 78' lang='lat' dir='ltr'><strong><em>vestrorum</em></strong></span> <span class='ocrx_word' id='word_1_197' title='bbox 971 2387 1192 2566; x_wconf 48' lang='lat' dir='ltr'><strong><em>collegarum</em></strong></span> <span class='ocrx_word' id='word_1_198' title='bbox 1214 2387 1442 2490; x_wconf 81' lang='lat' dir='ltr'><strong><em>presencium</em></strong></span> <span class='ocrx_word' id='word_1_199' title='bbox 1465 2413 1532 2466; x_wconf 84' lang='lat' dir='ltr'><strong><em>uos</em></strong></span> <span class='ocrx_word' id='word_1_200' title='bbox 1556 2389 1676 2481; x_wconf 47' lang='lat' dir='ltr'><strong><em>citari</em></strong></span> <span class='ocrx_word' id='word_1_201' title='bbox 1704 2415 1783 2466; x_wconf 87' lang='lat' dir='ltr'><strong><em>cem</em></strong></span> <span class='ocrx_word' id='word_1_202' title='bbox 1804 2401 1935 2484; x_wconf 64' lang='lat' dir='ltr'><strong><em>tamem</em></strong></span> 
     </span>
     <span class='ocr_line' id='line_1_22' title="bbox 244 2489 1936 2596; baseline 0.001 -26"><span class='ocrx_word' id='word_1_203' title='bbox 244 2495 310 2571; x_wconf 83' lang='lat' dir='ltr'><strong><em>lite</em></strong></span> <span class='ocrx_word' id='word_1_204' title='bbox 326 2517 394 2596; x_wconf 88' lang='lat' dir='ltr'><strong><em>per</em></strong></span> <span class='ocrx_word' id='word_1_205' title='bbox 409 2491 622 2569; x_wconf 86' lang='lat' dir='ltr'><strong><em>eitacionem</em></strong></span> <span class='ocrx_word' id='word_1_206' title='bbox 633 2495 712 2591; x_wconf 88' lang='lat' dir='ltr'><strong><em>jam</em></strong></span> <span class='ocrx_word' id='word_1_207' title='bbox 729 2501 840 2592; x_wconf 87' lang='lat' dir='ltr'><strong><em>cepta</em></strong></span> <span class='ocrx_word' id='word_1_208' title='bbox 862 2501 900 2568; x_wconf 89' lang='lat' dir='ltr'><strong><em>et</em></strong></span> <span class='ocrx_word' id='word_1_209' title='bbox 916 2491 973 2566; x_wconf 88' lang='lat' dir='ltr'><strong><em>sic</em></strong></span> <span class='ocrx_word' id='word_1_210' title='bbox 989 2515 1060 2592; x_wconf 88' lang='lat' dir='ltr'><strong><em>pen</em></strong></span> <span class='ocrx_word' id='word_1_211' title='bbox 1088 2503 1172 2568; x_wconf 86' lang='lat' dir='ltr'><strong><em>eote</em></strong></span> <span class='ocrx_word' id='word_1_212' title='bbox 1196 2517 1266 2568; x_wconf 90' lang='lat' dir='ltr'><strong><em>uon</em></strong></span> <span class='ocrx_word' id='word_1_213' title='bbox 1289 2489 1460 2586; x_wconf 80' lang='lat' dir='ltr'><strong><em>deberet,</em></strong></span> <span class='ocrx_word' id='word_1_214' title='bbox 1491 2491 1621 2570; x_wconf 86' lang='lat' dir='ltr'><strong><em>saltem</em></strong></span> <span class='ocrx_word' id='word_1_215' title='bbox 1646 2494 1748 2570; x_wconf 87' lang='lat' dir='ltr'><strong><em>circa</em></strong></span> <span class='ocrx_word' id='word_1_216' title='bbox 1768 2494 1840 2572; x_wconf 84' lang='lat' dir='ltr'><strong><em>hec</em></strong></span> <span class='ocrx_word' id='word_1_217' title='bbox 1866 2519 1936 2596; x_wconf 89' lang='lat' dir='ltr'><strong><em>que</em></strong></span> 
     </span>
     <span class='ocr_line' id='line_1_23' title="bbox 245 2591 1937 2698; baseline 0.001 -24"><span class='ocrx_word' id='word_1_218' title='bbox 245 2597 282 2674; x_wconf 89' lang='lat' dir='ltr'><strong><em>iu</em></strong></span> <span class='ocrx_word' id='word_1_219' title='bbox 294 2595 467 2698; x_wconf 88' lang='lat' dir='ltr'><strong><em>judicium</em></strong></span> <span class='ocrx_word' id='word_1_220' title='bbox 486 2593 653 2687; x_wconf 81' lang='lat' dir='ltr'><strong><em>deducit,</em></strong></span> <span class='ocrx_word' id='word_1_221' title='bbox 680 2593 814 2696; x_wconf 80' lang='lat' dir='ltr'><strong><em>abquid</em></strong></span> <span class='ocrx_word' id='word_1_222' title='bbox 832 2603 1064 2696; x_wconf 76' lang='lat' dir='ltr'><strong><em>attemptare,</em></strong></span> <span class='ocrx_word' id='word_1_223' title='bbox 1092 2605 1130 2672; x_wconf 90' lang='lat' dir='ltr'><strong><em>et</em></strong></span> <span class='ocrx_word' id='word_1_224' title='bbox 1153 2591 1204 2670; x_wconf 85' lang='lat' dir='ltr'><strong><em>ad</em></strong></span> <span class='ocrx_word' id='word_1_225' title='bbox 1220 2595 1375 2672; x_wconf 86' lang='lat' dir='ltr'><strong><em>officium</em></strong></span> <span class='ocrx_word' id='word_1_226' title='bbox 1391 2607 1550 2672; x_wconf 81' lang='lat' dir='ltr'><strong><em>restrum</em></strong></span> <span class='ocrx_word' id='word_1_227' title='bbox 1575 2607 1614 2674; x_wconf 89' lang='lat' dir='ltr'><strong><em>et</em></strong></span> <span class='ocrx_word' id='word_1_228' title='bbox 1630 2597 1850 2697; x_wconf 74' lang='lat' dir='ltr'><strong><em>collegarum</em></strong></span> <span class='ocrx_word' id='word_1_229' title='bbox 1867 2623 1937 2676; x_wconf 76' lang='lat' dir='ltr'><strong><em>ve-</em></strong></span> 
     </span>
     <span class='ocr_line' id='line_1_24' title="bbox 251 2698 1939 2804; baseline 0 -24"><span class='ocrx_word' id='word_1_230' title='bbox 251 2709 400 2780; x_wconf 77' lang='lat' dir='ltr'><strong><em>strorum</em></strong></span> <span class='ocrx_word' id='word_1_231' title='bbox 418 2699 598 2802; x_wconf 87' lang='lat' dir='ltr'><strong><em>pertineat</em></strong></span> <span class='ocrx_word' id='word_1_232' title='bbox 615 2699 798 2798; x_wconf 78' lang='lat' dir='ltr'><strong><em>corrigere</em></strong></span> <span class='ocrx_word' id='word_1_233' title='bbox 815 2698 996 2790; x_wconf 79' lang='lat' dir='ltr'><strong><em>innovate,</em></strong></span> <span class='ocrx_word' id='word_1_234' title='bbox 1024 2721 1103 2774; x_wconf 84' lang='lat' dir='ltr'><strong><em>cum</em></strong></span> <span class='ocrx_word' id='word_1_235' title='bbox 1120 2707 1238 2774; x_wconf 84' lang='lat' dir='ltr'><strong><em>tamen</em></strong></span> <span class='ocrx_word' id='word_1_236' title='bbox 1248 2703 1328 2799; x_wconf 84' lang='lat' dir='ltr'><strong><em>jem</em></strong></span> <span class='ocrx_word' id='word_1_237' title='bbox 1343 2699 1513 2776; x_wconf 87' lang='lat' dir='ltr'><strong><em>terminus</em></strong></span> <span class='ocrx_word' id='word_1_238' title='bbox 1530 2700 1579 2775; x_wconf 87' lang='lat' dir='ltr'><strong><em>sit</em></strong></span> <span class='ocrx_word' id='word_1_239' title='bbox 1594 2711 1665 2776; x_wconf 82' lang='lat' dir='ltr'><strong><em>tam</em></strong></span> <span class='ocrx_word' id='word_1_240' title='bbox 1683 2701 1816 2796; x_wconf 86' lang='lat' dir='ltr'><strong><em>brevis,</em></strong></span> <span class='ocrx_word' id='word_1_241' title='bbox 1843 2701 1939 2804; x_wconf 86' lang='lat' dir='ltr'><strong><em>quod</em></strong></span> 
     </span>
     <span class='ocr_line' id='line_1_25' title="bbox 248 2799 1937 2908; baseline 0.001 -25"><span class='ocrx_word' id='word_1_242' title='bbox 248 2806 282 2882; x_wconf 86' lang='lat' dir='ltr'><strong><em>si</em></strong></span> <span class='ocrx_word' id='word_1_243' title='bbox 298 2804 530 2882; x_wconf 86' lang='lat' dir='ltr'><strong><em>securitatem</em></strong></span> <span class='ocrx_word' id='word_1_244' title='bbox 546 2803 676 2895; x_wconf 89' lang='lat' dir='ltr'><strong><em>talem,</em></strong></span> <span class='ocrx_word' id='word_1_245' title='bbox 704 2799 753 2878; x_wconf 88' lang='lat' dir='ltr'><strong><em>de</em></strong></span> <span class='ocrx_word' id='word_1_246' title='bbox 769 2827 841 2902; x_wconf 84' lang='lat' dir='ltr'><strong><em>que</em></strong></span> <span class='ocrx_word' id='word_1_247' title='bbox 856 2800 1041 2879; x_wconf 84' lang='lat' dir='ltr'><strong><em>confidere</em></strong></span> <span class='ocrx_word' id='word_1_248' title='bbox 1059 2826 1250 2903; x_wconf 84' lang='lat' dir='ltr'><strong><em>possemus</em></strong></span> <span class='ocrx_word' id='word_1_249' title='bbox 1268 2804 1384 2881; x_wconf 89' lang='lat' dir='ltr'><strong><em>eciam</em></strong></span> <span class='ocrx_word' id='word_1_250' title='bbox 1400 2803 1632 2898; x_wconf 78' lang='lat' dir='ltr'><strong><em>haberemus,</em></strong></span> <span class='ocrx_word' id='word_1_251' title='bbox 1658 2829 1727 2880; x_wconf 89' lang='lat' dir='ltr'><strong><em>nou</em></strong></span> <span class='ocrx_word' id='word_1_252' title='bbox 1744 2830 1937 2908; x_wconf 78' lang='lat' dir='ltr'><strong><em>possemus</em></strong></span> 
     </span>
     <span class='ocr_line' id='line_1_26' title="bbox 245 2905 1991 3111; baseline 0 -19"><span class='ocrx_word' id='word_1_253' title='bbox 245 2905 1937 3111; x_wconf 52' lang='lat' dir='ltr'><strong><em>tite‘ffltettt‘l‘ttettttt&#39;{mltumitttlttttittlt</em></strong></span> <span class='ocrx_word' id='word_1_254' title='bbox 1989 3029 1991 3038; x_wconf 70' lang='lat'><em>=</em></span> 
     </span>
     <span class='ocr_line' id='line_1_27' title="bbox 246 3038 1936 3216; baseline 0 -22"><span class='ocrx_word' id='word_1_255' title='bbox 246 3115 416 3194; x_wconf 82' lang='lat' dir='ltr'><strong><em>iratribus</em></strong></span> <span class='ocrx_word' id='word_1_256' title='bbox 434 3038 585 3207; x_wconf 67' lang='lat' dir='ltr'><strong><em>enebris,</em></strong></span> <span class='ocrx_word' id='word_1_257' title='bbox 613 3065 705 3214; x_wconf 70' lang='lat' dir='ltr'><strong><em>duos</em></strong></span> <span class='ocrx_word' id='word_1_258' title='bbox 721 3137 861 3214; x_wconf 88' lang='lat' dir='ltr'><strong><em>paucos</em></strong></span> <span class='ocrx_word' id='word_1_259' title='bbox 876 3111 976 3215; x_wconf 80' lang='lat' dir='ltr'><strong><em>¹opud</em></strong></span> <span class='ocrx_word' id='word_1_260' title='bbox 992 3137 1060 3188; x_wconf 86' lang='lat' dir='ltr'><strong><em>nos</em></strong></span> <span class='ocrx_word' id='word_1_261' title='bbox 1076 3113 1281 3207; x_wconf 81' lang='lat' dir='ltr'><strong><em>babuimus,</em></strong></span> <span class='ocrx_word' id='word_1_262' title='bbox 1308 3115 1423 3190; x_wconf 86' lang='lat' dir='ltr'><strong><em>orba&#39;ti</em></strong></span> <span class='ocrx_word' id='word_1_263' title='bbox 1448 3117 1485 3192; x_wconf 79' lang='lat' dir='ltr'><strong><em>e&#39;t</em></strong></span> <span class='ocrx_word' id='word_1_264' title='bbox 1500 3138 1568 3216; x_wconf 84' lang='lat' dir='ltr'><strong><em>per</em></strong></span> <span class='ocrx_word' id='word_1_265' title='bbox 1591 3113 1743 3192; x_wconf 83' lang='lat' dir='ltr'><strong><em>eundem</em></strong></span> <span class='ocrx_word' id='word_1_266' title='bbox 1761 3115 1936 3194; x_wconf 80' lang='lat' dir='ltr'><strong><em>domiuum</em></strong></span> 
     </span>
     <span class='ocr_line' id='line_1_28' title="bbox 246 3215 1936 3320; baseline 0.001 -24"><span class='ocrx_word' id='word_1_267' title='bbox 246 3219 376 3297; x_wconf 87' lang='lat' dir='ltr'><strong><em>ducem</em></strong></span> <span class='ocrx_word' id='word_1_268' title='bbox 398 3220 508 3297; x_wconf 86' lang='lat' dir='ltr'><strong><em>rebus</em></strong></span> <span class='ocrx_word' id='word_1_269' title='bbox 532 3241 628 3320; x_wconf 88' lang='lat' dir='ltr'><strong><em>pone</em></strong></span> <span class='ocrx_word' id='word_1_270' title='bbox 652 3219 813 3293; x_wconf 79' lang='lat' dir='ltr'><strong><em>omuibus</em></strong></span> <span class='ocrx_word' id='word_1_271' title='bbox 838 3215 1000 3319; x_wconf 54' lang='lat' dir='ltr'><strong><em>moliri,</em></strong></span> <span class='ocrx_word' id='word_1_272' title='bbox 1027 3217 1079 3292; x_wconf 89' lang='lat' dir='ltr'><strong><em>ita</em></strong></span> <span class='ocrx_word' id='word_1_273' title='bbox 1103 3215 1204 3317; x_wconf 71' lang='lat' dir='ltr'><strong><em>quod.</em></strong></span> <span class='ocrx_word' id='word_1_274' title='bbox 1224 3217 1377 3312; x_wconf 81' lang='lat' dir='ltr'><strong><em>iaudlie,</em></strong></span> <span class='ocrx_word' id='word_1_275' title='bbox 1405 3241 1475 3319; x_wconf 85' lang='lat' dir='ltr'><strong><em>que</em></strong></span> <span class='ocrx_word' id='word_1_276' title='bbox 1499 3219 1683 3296; x_wconf 85' lang='lat' dir='ltr'><strong><em>nobiseum</em></strong></span> <span class='ocrx_word' id='word_1_277' title='bbox 1699 3220 1755 3296; x_wconf 82' lang='lat' dir='ltr'><strong><em>irc</em></strong></span> <span class='ocrx_word' id='word_1_278' title='bbox 1772 3217 1936 3314; x_wconf 84' lang='lat' dir='ltr'><strong><em>deberet,</em></strong></span> 
     </span>
     <span class='ocr_line' id='line_1_29' title="bbox 245 3319 1937 3428; baseline 0 -27"><span class='ocrx_word' id='word_1_279' title='bbox 245 3323 282 3401; x_wconf 88' lang='lat' dir='ltr'><strong><em>in</em></strong></span> <span class='ocrx_word' id='word_1_280' title='bbox 301 3323 475 3425; x_wconf 86' lang='lat' dir='ltr'><strong><em>expensis</em></strong></span> <span class='ocrx_word' id='word_1_281' title='bbox 493 3321 717 3399; x_wconf 87' lang='lat' dir='ltr'><strong><em>necessariis</em></strong></span> <span class='ocrx_word' id='word_1_282' title='bbox 734 3347 802 3398; x_wconf 88' lang='lat' dir='ltr'><strong><em>uon</em></strong></span> <span class='ocrx_word' id='word_1_283' title='bbox 819 3345 1011 3424; x_wconf 89' lang='lat' dir='ltr'><strong><em>possumus</em></strong></span> <span class='ocrx_word' id='word_1_284' title='bbox 1029 3321 1234 3398; x_wconf 83' lang='lat' dir='ltr'><strong><em>subvenire.</em></strong></span> <span class='ocrx_word' id='word_1_285' title='bbox 1267 3319 1322 3398; x_wconf 75' lang='lat' dir='ltr'><strong><em>Et</em></strong></span> <span class='ocrx_word' id='word_1_286' title='bbox 1336 3347 1406 3398; x_wconf 83' lang='lat' dir='ltr'><strong><em>vos</em></strong></span> <span class='ocrx_word' id='word_1_287' title='bbox 1423 3321 1528 3400; x_wconf 83' lang='lat' dir='ltr'><strong><em>scitis</em></strong></span> <span class='ocrx_word' id='word_1_288' title='bbox 1545 3323 1580 3397; x_wconf 91' lang='lat' dir='ltr'><strong><em>in</em></strong></span> <span class='ocrx_word' id='word_1_289' title='bbox 1599 3322 1695 3421; x_wconf 84' lang='lat' dir='ltr'><strong><em>quali</em></strong></span> <span class='ocrx_word' id='word_1_290' title='bbox 1711 3323 1805 3417; x_wconf 88' lang='lat' dir='ltr'><strong><em>loco,</em></strong></span> <span class='ocrx_word' id='word_1_291' title='bbox 1827 3324 1937 3428; x_wconf 81' lang='lat' dir='ltr'><strong><em>priori</em></strong></span> 
     </span>
     <span class='ocr_line' id='line_1_30' title="bbox 245 3423 1937 3528; baseline 0.001 -22"><span class='ocrx_word' id='word_1_292' title='bbox 245 3439 397 3521; x_wconf 83' lang='lat' dir='ltr'><strong><em>mutato,</em></strong></span> <span class='ocrx_word' id='word_1_293' title='bbox 429 3427 611 3504; x_wconf 83' lang='lat' dir='ltr'><strong><em>terminum</em></strong></span> <span class='ocrx_word' id='word_1_294' title='bbox 635 3425 876 3525; x_wconf 75' lang='lat' dir='ltr'><strong><em>assignastis,</em></strong></span> <span class='ocrx_word' id='word_1_295' title='bbox 909 3425 994 3526; x_wconf 86' lang='lat' dir='ltr'><strong><em>quia</em></strong></span> <span class='ocrx_word' id='word_1_296' title='bbox 1016 3437 1055 3502; x_wconf 88' lang='lat' dir='ltr'><strong><em>et</em></strong></span> <span class='ocrx_word' id='word_1_297' title='bbox 1076 3425 1113 3500; x_wconf 88' lang='lat' dir='ltr'><strong><em>iu</em></strong></span> <span class='ocrx_word' id='word_1_298' title='bbox 1137 3423 1292 3504; x_wconf 87' lang='lat' dir='ltr'><strong><em>dominio</em></strong></span> <span class='ocrx_word' id='word_1_299' title='bbox 1312 3425 1429 3528; x_wconf 78' lang='lat' dir='ltr'><strong><em>ipsius</em></strong></span> <span class='ocrx_word' id='word_1_300' title='bbox 1451 3424 1618 3518; x_wconf 59' lang='lat' dir='ltr'><strong><em>ductu),</em></strong></span> <span class='ocrx_word' id='word_1_301' title='bbox 1658 3427 1717 3528; x_wconf 85' lang='lat' dir='ltr'><strong><em>qui</em></strong></span> <span class='ocrx_word' id='word_1_302' title='bbox 1742 3428 1937 3507; x_wconf 73' lang='lat' dir='ltr'><strong><em>mortaliter</em></strong></span> 
     </span>
     <span class='ocr_line' id='line_1_31' title="bbox 246 3529 1937 3634; baseline -0.001 -24"><span class='ocrx_word' id='word_1_303' title='bbox 246 3543 403 3610; x_wconf 75' lang='lat' dir='ltr'><strong><em>nocuum</em></strong></span> <span class='ocrx_word' id='word_1_304' title='bbox 420 3555 613 3634; x_wconf 80' lang='lat' dir='ltr'><strong><em>persontun</em></strong></span> <span class='ocrx_word' id='word_1_305' title='bbox 631 3539 669 3605; x_wconf 91' lang='lat' dir='ltr'><strong><em>et</em></strong></span> <span class='ocrx_word' id='word_1_306' title='bbox 685 3529 859 3629; x_wconf 84' lang='lat' dir='ltr'><strong><em>quosdam</em></strong></span> <span class='ocrx_word' id='word_1_307' title='bbox 878 3553 928 3606; x_wconf 82' lang='lat' dir='ltr'><strong><em>ex</em></strong></span> <span class='ocrx_word' id='word_1_308' title='bbox 939 3529 1079 3616; x_wconf 79' lang='lat' dir='ltr'><strong><em>‘uostris</em></strong></span> <span class='ocrx_word' id='word_1_309' title='bbox 1096 3529 1308 3631; x_wconf 68' lang='lat' dir='ltr'><strong><em>specialiter</em></strong></span> <span class='ocrx_word' id='word_1_310' title='bbox 1321 3529 1548 3632; x_wconf 69' lang='lat' dir='ltr'><strong><em>persequitur</em></strong></span> <span class='ocrx_word' id='word_1_311' title='bbox 1572 3541 1611 3608; x_wconf 90' lang='lat' dir='ltr'><strong><em>et</em></strong></span> <span class='ocrx_word' id='word_1_312' title='bbox 1627 3535 1733 3631; x_wconf 83' lang='lat' dir='ltr'><strong><em>quem</em></strong></span> <span class='ocrx_word' id='word_1_313' title='bbox 1747 3530 1852 3609; x_wconf 86' lang='lat' dir='ltr'><strong><em>edire</em></strong></span> <span class='ocrx_word' id='word_1_314' title='bbox 1867 3557 1937 3610; x_wconf 84' lang='lat' dir='ltr'><strong><em>nou</em></strong></span> 
     </span>
     <span class='ocr_line' id='line_1_32' title="bbox 246 3631 1937 3740; baseline 0.002 -29"><span class='ocrx_word' id='word_1_315' title='bbox 246 3661 458 3740; x_wconf 86' lang='lat' dir='ltr'><strong><em>possumus,</em></strong></span> <span class='ocrx_word' id='word_1_316' title='bbox 485 3635 555 3710; x_wconf 88' lang='lat' dir='ltr'><strong><em>uisi</em></strong></span> <span class='ocrx_word' id='word_1_317' title='bbox 572 3659 639 3738; x_wconf 88' lang='lat' dir='ltr'><strong><em>per</em></strong></span> <span class='ocrx_word' id='word_1_318' title='bbox 655 3643 785 3709; x_wconf 88' lang='lat' dir='ltr'><strong><em>terram</em></strong></span> <span class='ocrx_word' id='word_1_319' title='bbox 801 3633 917 3736; x_wconf 89' lang='lat' dir='ltr'><strong><em>ipsius</em></strong></span> <span class='ocrx_word' id='word_1_320' title='bbox 934 3631 1123 3736; x_wconf 84' lang='lat' dir='ltr'><strong><em>principis,</em></strong></span> <span class='ocrx_word' id='word_1_321' title='bbox 1150 3634 1229 3734; x_wconf 90' lang='lat' dir='ltr'><strong><em>qui,</em></strong></span> <span class='ocrx_word' id='word_1_322' title='bbox 1255 3645 1294 3710; x_wconf 89' lang='lat' dir='ltr'><strong><em>ut</em></strong></span> <span class='ocrx_word' id='word_1_323' title='bbox 1309 3634 1551 3736; x_wconf 88' lang='lat' dir='ltr'><strong><em>premisimus,</em></strong></span> <span class='ocrx_word' id='word_1_324' title='bbox 1577 3659 1645 3710; x_wconf 88' lang='lat' dir='ltr'><strong><em>uos</em></strong></span> <span class='ocrx_word' id='word_1_325' title='bbox 1663 3637 1701 3712; x_wconf 81' lang='lat' dir='ltr'><strong><em>et</em></strong></span> <span class='ocrx_word' id='word_1_326' title='bbox 1718 3635 1852 3714; x_wconf 85' lang='lat' dir='ltr'><strong><em>clerum</em></strong></span> <span class='ocrx_word' id='word_1_327' title='bbox 1868 3661 1937 3714; x_wconf 82' lang='lat' dir='ltr'><strong><em>uo·</em></strong></span> 
     </span>
     <span class='ocr_line' id='line_1_33' title="bbox 245 3736 1936 3842; baseline -0.001 -24"><span class='ocrx_word' id='word_1_328' title='bbox 245 3751 354 3818; x_wconf 79' lang='lat' dir='ltr'><strong><em>strum</em></strong></span> <span class='ocrx_word' id='word_1_329' title='bbox 372 3763 397 3816; x_wconf 87' lang='lat' dir='ltr'><strong><em>a</em></strong></span> <span class='ocrx_word' id='word_1_330' title='bbox 413 3763 483 3816; x_wconf 86' lang='lat' dir='ltr'><strong><em>sua</em></strong></span> <span class='ocrx_word' id='word_1_331' title='bbox 497 3737 731 3840; x_wconf 84' lang='lat' dir='ltr'><strong><em>protecciaue</em></strong></span> <span class='ocrx_word' id='word_1_332' title='bbox 747 3736 879 3836; x_wconf 88' lang='lat' dir='ltr'><strong><em>rejecit</em></strong></span> <span class='ocrx_word' id='word_1_333' title='bbox 896 3737 934 3813; x_wconf 88' lang='lat' dir='ltr'><strong><em>&#39;et</em></strong></span> <span class='ocrx_word' id='word_1_334' title='bbox 949 3761 1018 3814; x_wconf 84' lang='lat' dir='ltr'><strong><em>uon</em></strong></span> <span class='ocrx_word' id='word_1_335' title='bbox 1035 3747 1167 3812; x_wconf 74' lang='lat' dir='ltr'><strong><em>tactim</em></strong></span> <span class='ocrx_word' id='word_1_336' title='bbox 1185 3737 1316 3840; x_wconf 83' lang='lat' dir='ltr'><strong><em>rejecit</em></strong></span> <span class='ocrx_word' id='word_1_337' title='bbox 1337 3737 1408 3817; x_wconf 86' lang='lat' dir='ltr'><strong><em>&#39;sed</em></strong></span> <span class='ocrx_word' id='word_1_338' title='bbox 1429 3739 1573 3841; x_wconf 87' lang='lat' dir='ltr'><strong><em>publice</em></strong></span> <span class='ocrx_word' id='word_1_339' title='bbox 1597 3736 1705 3832; x_wconf 86' lang='lat' dir='ltr'><strong><em>dixit,</em></strong></span> <span class='ocrx_word' id='word_1_340' title='bbox 1735 3739 1830 3840; x_wconf 88' lang='lat' dir='ltr'><strong><em>quod</em></strong></span> <span class='ocrx_word' id='word_1_341' title='bbox 1856 3741 1936 3842; x_wconf 89' lang='lat' dir='ltr'><strong><em>qui·</em></strong></span> 
     </span>
     <span class='ocr_line' id='line_1_34' title="bbox 248 3839 1939 3945; baseline 0 -23"><span class='ocrx_word' id='word_1_342' title='bbox 248 3869 400 3945; x_wconf 84' lang='lat' dir='ltr'><strong><em>eumque</em></strong></span> <span class='ocrx_word' id='word_1_343' title='bbox 417 3843 571 3943; x_wconf 79' lang='lat' dir='ltr'><strong><em>aliquem</em></strong></span> <span class='ocrx_word' id='word_1_344' title='bbox 587 3841 798 3918; x_wconf 88' lang='lat' dir='ltr'><strong><em>clericorum</em></strong></span> <span class='ocrx_word' id='word_1_345' title='bbox 815 3839 1015 3919; x_wconf 76' lang='lat' dir='ltr'><strong><em>offenderet</em></strong></span> <span class='ocrx_word' id='word_1_346' title='bbox 1030 3841 1066 3916; x_wconf 89' lang='lat' dir='ltr'><strong><em>in</em></strong></span> <span class='ocrx_word' id='word_1_347' title='bbox 1084 3842 1194 3918; x_wconf 82' lang='lat' dir='ltr'><strong><em>&#39;rebus</em></strong></span> <span class='ocrx_word' id='word_1_348' title='bbox 1210 3841 1270 3920; x_wconf 86' lang='lat' dir='ltr'><strong><em>rel</em></strong></span> <span class='ocrx_word' id='word_1_349' title='bbox 1287 3867 1463 3944; x_wconf 85' lang='lat' dir='ltr'><strong><em>persona,</em></strong></span> <span class='ocrx_word' id='word_1_350' title='bbox 1481 3842 1611 3918; x_wconf 75' lang='lat' dir='ltr'><strong><em>nullm</em></strong></span> <span class='ocrx_word' id='word_1_351' title='bbox 1629 3841 1678 3919; x_wconf 89' lang='lat' dir='ltr'><strong><em>de</em></strong></span> <span class='ocrx_word' id='word_1_352' title='bbox 1694 3845 1777 3944; x_wconf 91' lang='lat' dir='ltr'><strong><em>ipso</em></strong></span> <span class='ocrx_word' id='word_1_353' title='bbox 1794 3843 1939 3922; x_wconf 68' lang='lat' dir='ltr'><strong><em>iacoeet</em></strong></span> 
     </span>
     <span class='ocr_line' id='line_1_35' title="bbox 240 3943 1936 4050; baseline -0.002 -25"><span class='ocrx_word' id='word_1_354' title='bbox 240 3949 427 4050; x_wconf 79' lang='lat' dir='ltr'><strong><em>justiciam</em></strong></span> <span class='ocrx_word' id='word_1_355' title='bbox 449 3945 511 4024; x_wconf 84' lang='lat' dir='ltr'><strong><em>rel</em></strong></span> <span class='ocrx_word' id='word_1_356' title='bbox 533 3943 727 4022; x_wconf 82' lang='lat' dir='ltr'><strong><em>vindictum</em></strong></span> <span class='ocrx_word' id='word_1_357' title='bbox 751 3956 789 4021; x_wconf 88' lang='lat' dir='ltr'><strong><em>et</em></strong></span> <span class='ocrx_word' id='word_1_358' title='bbox 804 3947 850 4021; x_wconf 88' lang='lat' dir='ltr'><strong><em>ob</em></strong></span> <span class='ocrx_word' id='word_1_359' title='bbox 868 3945 958 4038; x_wconf 86' lang='lat' dir='ltr'><strong><em>boc,</em></strong></span> <span class='ocrx_word' id='word_1_360' title='bbox 983 3945 1186 4046; x_wconf 83' lang='lat' dir='ltr'><strong><em>&#39;quicunque</em></strong></span> <span class='ocrx_word' id='word_1_361' title='bbox 1208 3947 1302 4039; x_wconf 81' lang='lat' dir='ltr'><strong><em>vult,</em></strong></span> <span class='ocrx_word' id='word_1_362' title='bbox 1329 3946 1471 4048; x_wconf 76' lang='lat' dir='ltr'><strong><em>impuris</em></strong></span> <span class='ocrx_word' id='word_1_363' title='bbox 1486 3946 1580 4047; x_wconf 88' lang='lat' dir='ltr'><strong><em>rapit</em></strong></span> <span class='ocrx_word' id='word_1_364' title='bbox 1594 3957 1758 4038; x_wconf 89' lang='lat' dir='ltr'><strong><em>nostras,</em></strong></span> <span class='ocrx_word' id='word_1_365' title='bbox 1786 3948 1936 4024; x_wconf 87' lang='lat' dir='ltr'><strong><em>cauoui·</em></strong></span> 
     </span>
     <span class='ocr_line' id='line_1_36' title="bbox 246 4047 1937 4151; baseline -0.005 -17"><span class='ocrx_word' id='word_1_366' title='bbox 246 4075 368 4134; x_wconf 78' lang='lat' dir='ltr'><strong><em>oumm</em></strong></span> <span class='ocrx_word' id='word_1_367' title='bbox 391 4061 430 4130; x_wconf 86' lang='lat' dir='ltr'><strong><em>et</em></strong></span> <span class='ocrx_word' id='word_1_368' title='bbox 447 4050 658 4128; x_wconf 84' lang='lat' dir='ltr'><strong><em>clericorum</em></strong></span> <span class='ocrx_word' id='word_1_369' title='bbox 683 4073 745 4126; x_wconf 87' lang='lat' dir='ltr'><strong><em>res</em></strong></span> <span class='ocrx_word' id='word_1_370' title='bbox 762 4061 801 4126; x_wconf 89' lang='lat' dir='ltr'><strong><em>et</em></strong></span> <span class='ocrx_word' id='word_1_371' title='bbox 822 4047 1066 4126; x_wconf 83' lang='lat' dir='ltr'><strong><em>indifferenter</em></strong></span> <span class='ocrx_word' id='word_1_372' title='bbox 1089 4047 1273 4141; x_wconf 87' lang='lat' dir='ltr'><strong><em>distrahit,</em></strong></span> <span class='ocrx_word' id='word_1_373' title='bbox 1299 4073 1364 4150; x_wconf 90' lang='lat' dir='ltr'><strong><em>pro</em></strong></span> <span class='ocrx_word' id='word_1_374' title='bbox 1387 4075 1455 4126; x_wconf 87' lang='lat' dir='ltr'><strong><em>sue</em></strong></span> <span class='ocrx_word' id='word_1_375' title='bbox 1479 4049 1580 4126; x_wconf 89' lang='lat' dir='ltr'><strong><em>libito</em></strong></span> <span class='ocrx_word' id='word_1_376' title='bbox 1601 4050 1813 4143; x_wconf 80' lang='lat' dir='ltr'><strong><em>voluntatis,</em></strong></span> <span class='ocrx_word' id='word_1_377' title='bbox 1840 4049 1937 4151; x_wconf 86' lang='lat' dir='ltr'><strong><em>quud</em></strong></span> 
     </span>
     <span class='ocr_line' id='line_1_37' title="bbox 245 4151 1938 4254; baseline 0 -22"><span class='ocrx_word' id='word_1_378' title='bbox 245 4179 316 4232; x_wconf 84' lang='lat' dir='ltr'><strong><em>uon</em></strong></span> <span class='ocrx_word' id='word_1_379' title='bbox 334 4155 506 4254; x_wconf 74' lang='lat' dir='ltr'><strong><em>contingit</em></strong></span> <span class='ocrx_word' id='word_1_380' title='bbox 523 4154 639 4231; x_wconf 84' lang='lat' dir='ltr'><strong><em>eciam</em></strong></span> <span class='ocrx_word' id='word_1_381' title='bbox 663 4153 699 4228; x_wconf 85' lang='lat' dir='ltr'><strong><em>in</em></strong></span> <span class='ocrx_word' id='word_1_382' title='bbox 715 4151 899 4230; x_wconf 74' lang='lat' dir='ltr'><strong><em>iudeis·</em></strong></span> <span class='ocrx_word' id='word_1_383' title='bbox 942 4152 1056 4251; x_wconf 74' lang='lat' dir='ltr'><strong><em>Igitur</em></strong></span> <span class='ocrx_word' id='word_1_384' title='bbox 1079 4175 1167 4244; x_wconf 88' lang='lat' dir='ltr'><strong><em>nos,</em></strong></span> <span class='ocrx_word' id='word_1_385' title='bbox 1193 4151 1436 4254; x_wconf 68' lang='lat' dir='ltr'><strong><em>perplexitate</em></strong></span> <span class='ocrx_word' id='word_1_386' title='bbox 1460 4153 1580 4230; x_wconf 86' lang='lat' dir='ltr'><strong><em>taliter</em></strong></span> <span class='ocrx_word' id='word_1_387' title='bbox 1602 4153 1767 4246; x_wconf 84' lang='lat' dir='ltr'><strong><em>involuti,</em></strong></span> <span class='ocrx_word' id='word_1_388' title='bbox 1793 4151 1844 4230; x_wconf 87' lang='lat' dir='ltr'><strong><em>ad</em></strong></span> <span class='ocrx_word' id='word_1_389' title='bbox 1866 4177 1938 4232; x_wconf 84' lang='lat' dir='ltr'><strong><em>re·</em></strong></span> 
     </span>
     <span class='ocr_line' id='line_1_38' title="bbox 246 4252 1936 4361; baseline -0.001 -24"><span class='ocrx_word' id='word_1_390' title='bbox 246 4271 356 4337; x_wconf 76' lang='lat' dir='ltr'><strong><em>strum</em></strong></span> <span class='ocrx_word' id='word_1_391' title='bbox 373 4259 538 4361; x_wconf 72' lang='lat' dir='ltr'><strong><em>graciam</em></strong></span> <span class='ocrx_word' id='word_1_392' title='bbox 548 4257 782 4348; x_wconf 87' lang='lat' dir='ltr'><strong><em>recurrimus,</em></strong></span> <span class='ocrx_word' id='word_1_393' title='bbox 797 4252 971 4356; x_wconf 73' lang='lat' dir='ltr'><strong><em>rogando</em></strong></span> <span class='ocrx_word' id='word_1_394' title='bbox 987 4281 1056 4358; x_wconf 91' lang='lat' dir='ltr'><strong><em>sup</em></strong></span> <span class='ocrx_word' id='word_1_395' title='bbox 1081 4255 1200 4332; x_wconf 87' lang='lat' dir='ltr'><strong><em>liciter</em></strong></span> <span class='ocrx_word' id='word_1_396' title='bbox 1216 4269 1254 4334; x_wconf 91' lang='lat' dir='ltr'><strong><em>et</em></strong></span> <span class='ocrx_word' id='word_1_397' title='bbox 1270 4254 1420 4350; x_wconf 81' lang='lat' dir='ltr'><strong><em>devote,</em></strong></span> <span class='ocrx_word' id='word_1_398' title='bbox 1446 4265 1496 4330; x_wconf 89' lang='lat' dir='ltr'><strong><em>ut·</em></strong></span> <span class='ocrx_word' id='word_1_399' title='bbox 1509 4255 1593 4332; x_wconf 87' lang='lat' dir='ltr'><strong><em>huic</em></strong></span> <span class='ocrx_word' id='word_1_400' title='bbox 1616 4257 1737 4331; x_wconf 86' lang='lat' dir='ltr'><strong><em>morbo</em></strong></span> <span class='ocrx_word' id='word_1_401' title='bbox 1761 4257 1936 4357; x_wconf 74' lang='lat' dir='ltr'><strong><em>pestifero</em></strong></span> 
     </span>
     <span class='ocr_line' id='line_1_39' title="bbox 249 4281 1938 4464; baseline -0.002 -22"><span class='ocrx_word' id='word_1_402' title='bbox 249 4373 288 4442; x_wconf 82' lang='lat' dir='ltr'><strong><em>et</em></strong></span> <span class='ocrx_word' id='word_1_403' title='bbox 305 4387 509 4442; x_wconf 81' lang='lat' dir='ltr'><strong><em>canceroso</em></strong></span> <span class='ocrx_word' id='word_1_404' title='bbox 524 4360 723 4440; x_wconf 86' lang='lat' dir='ltr'><strong><em>secuudum</em></strong></span> <span class='ocrx_word' id='word_1_405' title='bbox 740 4359 1002 4438; x_wconf 74' lang='lat' dir='ltr'><strong><em>rbsmeciom</em></strong></span> <span class='ocrx_word' id='word_1_406' title='bbox 1026 4281 1081 4434; x_wconf 82' lang='lat' dir='ltr'><strong><em>ad</em></strong></span> <span class='ocrx_word' id='word_1_407' title='bbox 1102 4357 1174 4436; x_wconf 90' lang='lat' dir='ltr'><strong><em>deo</em></strong></span> <span class='ocrx_word' id='word_1_408' title='bbox 1188 4361 1294 4438; x_wconf 79' lang='lat' dir='ltr'><strong><em>rubis</em></strong></span> <span class='ocrx_word' id='word_1_409' title='bbox 1319 4357 1439 4436; x_wconf 59' lang='lat' dir='ltr'><strong><em>Mam</em></strong></span> <span class='ocrx_word' id='word_1_410' title='bbox 1462 4358 1527 4434; x_wconf 85' lang='lat' dir='ltr'><strong><em>tali</em></strong></span> <span class='ocrx_word' id='word_1_411' title='bbox 1544 4355 1651 4435; x_wconf 82' lang='lat' dir='ltr'><strong><em>modo</em></strong></span> <span class='ocrx_word' id='word_1_412' title='bbox 1666 4360 1772 4436; x_wconf 86' lang='lat' dir='ltr'><strong><em>vobis</em></strong></span> <span class='ocrx_word' id='word_1_413' title='bbox 1789 4361 1938 4464; x_wconf 87' lang='lat' dir='ltr'><strong><em>placcat</em></strong></span> 
     </span>
     <span class='ocr_line' id='line_1_40' title="bbox 248 4461 1941 4572; baseline -0.001 -27"><span class='ocrx_word' id='word_1_414' title='bbox 248 4465 461 4572; x_wconf 76' lang='lat' dir='ltr'><strong><em>providere,</em></strong></span> <span class='ocrx_word' id='word_1_415' title='bbox 487 4465 721 4544; x_wconf 74' lang='lat' dir='ltr'><strong><em>deecclesia</em></strong></span> <span class='ocrx_word' id='word_1_416' title='bbox 734 4477 860 4541; x_wconf 72' lang='lat' dir='ltr'><strong><em>nosos</em></strong></span> <span class='ocrx_word' id='word_1_417' title='bbox 875 4461 1058 4564; x_wconf 72' lang='lat' dir='ltr'><strong><em>usquead</em></strong></span> <span class='ocrx_word' id='word_1_418' title='bbox 1071 4462 1336 4544; x_wconf 71' lang='lat' dir='ltr'><strong><em>tundamentum</em></strong></span> <span class='ocrx_word' id='word_1_419' title='bbox 1362 4463 1589 4541; x_wconf 77' lang='lat' dir='ltr'><strong><em>exinaniatur</em></strong></span> <span class='ocrx_word' id='word_1_420' title='bbox 1612 4474 1649 4542; x_wconf 91' lang='lat' dir='ltr'><strong><em>et</em></strong></span> <span class='ocrx_word' id='word_1_421' title='bbox 1671 4487 1718 4541; x_wconf 89' lang='lat' dir='ltr'><strong><em>ue</em></strong></span> <span class='ocrx_word' id='word_1_422' title='bbox 1736 4465 1941 4569; x_wconf 62' lang='lat' dir='ltr'><strong><em>exemplum</em></strong></span> 
     </span>
     <span class='ocr_line' id='line_1_41' title="bbox 244 4568 1114 4671; baseline -0.008 -21"><span class='ocrx_word' id='word_1_423' title='bbox 244 4571 512 4650; x_wconf 74' lang='lat' dir='ltr'><strong><em>mortiferorum</em></strong></span> <span class='ocrx_word' id='word_1_424' title='bbox 528 4571 672 4648; x_wconf 64' lang='lat' dir='ltr'><strong><em>vidum</em></strong></span> <span class='ocrx_word' id='word_1_425' title='bbox 688 4568 876 4649; x_wconf 82' lang='lat' dir='ltr'><strong><em>ecclosias</em></strong></span> <span class='ocrx_word' id='word_1_426' title='bbox 892 4569 1114 4671; x_wconf 71' lang='lat' dir='ltr'><strong><em>prorogetur.</em></strong></span> 
     </span>
    </p>
   </div>
   <div class='ocr_carea' id='block_1_6' title="bbox 265 4777 1937 5094">
    <p class='ocr_par' dir='ltr' id='par_1_7' title="bbox 265 4777 1937 5094">
     <span class='ocr_line' id='line_1_42' title="bbox 265 4777 1937 4926; baseline -0.002 -25"><span class='ocrx_word' id='word_1_427' title='bbox 265 4823 269 4830; x_wconf 39' lang='lat'><em>⁶</em></span> <span class='ocrx_word' id='word_1_428' title='bbox 292 4841 326 4920; x_wconf 86' lang='lat'><strong><em>1)</em></strong></span> <span class='ocrx_word' id='word_1_429' title='bbox 355 4833 506 4903; x_wconf 84' lang='lat' dir='ltr'><strong><em>Nicoleus</em></strong></span> <span class='ocrx_word' id='word_1_430' title='bbox 526 4831 580 4902; x_wconf 86' lang='grc' dir='ltr'><strong><em>ΙΠ.</em></strong></span> <span class='ocrx_word' id='word_1_431' title='bbox 603 4831 723 4900; x_wconf 88' lang='lat' dir='ltr'><strong><em>euthob</em></strong></span> <span class='ocrx_word' id='word_1_432' title='bbox 745 4831 797 4899; x_wconf 89' lang='lat' dir='ltr'><strong><em>die</em></strong></span> <span class='ocrx_word' id='word_1_433' title='bbox 819 4779 1059 4900; x_wconf 28' lang='lat' dir='ltr'><strong><em>Minoriten&#39;im</em></strong></span> <span class='ocrx_word' id='word_1_434' title='bbox 1080 4831 1107 4898; x_wconf 83' lang='lat' dir='ltr'><strong><em>J.</em></strong></span> <span class='ocrx_word' id='word_1_435' title='bbox 1123 4777 1208 4899; x_wconf 67' lang='grc'><strong>1966</strong></span> <span class='ocrx_word' id='word_1_436' title='bbox 1228 4831 1286 4898; x_wconf 89' lang='lat' dir='ltr'><strong><em>der</em></strong></span> <span class='ocrx_word' id='word_1_437' title='bbox 1306 4812 1479 4918; x_wconf 71' lang='lat' dir='ltr'><strong><em>iurisdictio</em></strong></span> <span class='ocrx_word' id='word_1_438' title='bbox 1493 4833 1739 4902; x_wconf 79' lang='lat' dir='ltr'><strong><em>ordinariorum.</em></strong></span> <span class='ocrx_word' id='word_1_439' title='bbox 1768 4833 1937 4926; x_wconf 81' lang='lat' dir='ltr'><strong><em>Wadding</em></strong></span> 
     </span>
     <span class='ocr_line' id='line_1_43' title="bbox 275 4917 1016 5022; baseline -0.015 -28"><span class='ocrx_word' id='word_1_440' title='bbox 275 4989 278 4994; x_wconf 91' lang='lat'>.</span> <span class='ocrx_word' id='word_1_441' title='bbox 352 4943 428 4988; x_wconf 82' lang='lat' dir='ltr'><strong><em>ann.</em></strong></span> <span class='ocrx_word' id='word_1_442' title='bbox 449 4921 528 4987; x_wconf 82' lang='lat' dir='ltr'><strong><em>Min.</em></strong></span> <span class='ocrx_word' id='word_1_443' title='bbox 555 4919 605 4986; x_wconf 90' lang='lat' dir='ltr'><strong><em>ed.</em></strong></span> <span class='ocrx_word' id='word_1_444' title='bbox 626 4919 767 4986; x_wconf 84' lang='lat' dir='ltr'><strong><em>Fonsece</em></strong></span> <span class='ocrx_word' id='word_1_445' title='bbox 786 4917 828 4984; x_wconf 92' lang='lat' dir='ltr'><strong><em>T.</em></strong></span> <span class='ocrx_word' id='word_1_446' title='bbox 853 4919 888 4984; x_wconf 90' lang='lat' dir='ltr'><strong><em>V.</em></strong></span> <span class='ocrx_word' id='word_1_447' title='bbox 910 4943 942 5022; x_wconf 90' lang='lat' dir='ltr'><strong><em>p.</em></strong></span> <span class='ocrx_word' id='word_1_448' title='bbox 963 4917 1016 5020; x_wconf 90' lang='grc'><strong><em>96.</em></strong></span> 
     </span>
     <span class='ocr_line' id='line_1_44' title="bbox 288 5001 1386 5094; baseline -0.004 -22"><span class='ocrx_word' id='word_1_449' title='bbox 288 5009 325 5094; x_wconf 70' lang='grc' dir='ltr'><strong><em>ἱ)</em></strong></span> <span class='ocrx_word' id='word_1_450' title='bbox 352 5004 513 5075; x_wconf 83' lang='lat' dir='ltr'><strong><em>Wielun</em></strong></span> <span class='ocrx_word' id='word_1_451' title='bbox 533 5006 569 5072; x_wconf 88' lang='lat' dir='ltr'><strong><em>in</em></strong></span> <span class='ocrx_word' id='word_1_452' title='bbox 588 5002 697 5089; x_wconf 81' lang='lat' dir='ltr'><strong><em>Polou,</em></strong></span> <span class='ocrx_word' id='word_1_453' title='bbox 721 5001 843 5072; x_wconf 81' lang='lat' dir='ltr'><strong><em>darualr</em></strong></span> <span class='ocrx_word' id='word_1_454' title='bbox 863 5004 1014 5072; x_wconf 81' lang='lat' dir='ltr'><strong><em>Hetnncb</em></strong></span> <span class='ocrx_word' id='word_1_455' title='bbox 1035 5003 1089 5071; x_wconf 82' lang='lat' dir='ltr'><strong><em>lv.</em></strong></span> <span class='ocrx_word' id='word_1_456' title='bbox 1110 5001 1293 5072; x_wconf 67' lang='lat' dir='ltr'><strong><em>emmeno.</em></strong></span> <span class='ocrx_word' id='word_1_457' title='bbox 1382 5044 1386 5050; x_wconf 83' lang='lat'><em>·</em></span> 
     </span>
    </p>
   </div>
   <div class='ocr_carea' id='block_1_7' title="bbox 0 0 2326 5762">
    <p class='ocr_par' dir='ltr' id='par_1_8' title="bbox 0 0 2326 5762">
     <span class='ocr_line' id='line_1_45' title="bbox 0 0 2326 5762; baseline 0 0"><span class='ocrx_word' id='word_1_458' title='bbox 0 0 2326 5762; x_wconf 95' lang='lat' dir='ltr'><strong><em> </em></strong></span> 
     </span>
    </p>
   </div>
  </div>
 </body>
</html>
