4594 5774
819 525 1029 604 ortonam
1059 527 1299 602 OELXXW.
1826 527 1906 612 Μ

214 735 369 834 Brega
393 730 635 810 inBeroldi
661 727 956 823 civitatemb,
981 731 1018 808 iu
1043 724 1238 834 presencia
1262 725 1331 810 mei
1358 740 1396 809 et
1411 723 1632 812 Jacobide
1652 733 1809 838 Jeiyn,
1833 761 1904 839 pu·

214 838 385 916 blicorum
410 837 634 928 notariorum,
662 845 699 912 et
723 835 867 914 testium
892 835 1184 936 subscriptorum,
1210 835 1431 912 venerabilis
1454 849 1575 938 pater,
1608 836 1701 914 dom.
1728 841 1904 917 Procn-

214 943 316 1018 iaus
336 965 394 1044 ep.
415 941 566 1032 Wrat.,
585 962 651 1016 suo
670 949 709 1016 et
724 961 792 1016 sue
809 937 975 1016 ecclesie
991 935 1133 1015 Wrat
1152 961 1199 1016 au
1217 939 1364 1040 capituli
1382 938 1548 1039 ejusdem
1566 941 1729 1020 ecclesie
1747 967 1797 1020 ex
1820 967 1902 1038 uua,

214 1069 262 1122 ae
287 1043 407 1122 dictus
433 1041 528 1120 dom.
555 1041 631 1118 dux
656 1039 916 1134 conradus,
943 1065 1011 1118 suu
1037 1053 1075 1118 et
1100 1063 1169 1118 sue
1193 1053 1290 1119 terre
1316 1054 1420 1144 parte
1443 1065 1494 1120 ex
1510 1044 1638 1137 altera,
1667 1067 1732 1122 suo
1759 1060 1797 1124 et
1814 1069 1903 1122 sno-

214 1171 289 1224 rum
322 1171 576 1225 successorum
608 1145 692 1223 vice
725 1159 763 1222 et
793 1145 990 1220 nominibus
1022 1146 1337 1247 compromiserunt
1369 1157 1407 1222 et
1441 1159 1702 1224 consenserunt
1731 1150 1768 1225 in
1793 1173 1902 1228 reve-

213 1248 361 1328 rendum
392 1261 546 1353 patrem,
579 1247 673 1326 dom.
700 1249 975 1340 Jaroslanm,
1007 1273 1039 1323 s.
1067 1248 1356 1326 Gnenuensis
1382 1249 1547 1328 ecclesie
1579 1249 1901 1357 archiepiscopum,

212 1355 293 1458 pari
319 1375 501 1431 consensu
527 1365 565 1430 et
590 1352 743 1428 unanimi
768 1352 970 1444 vuluntate,
997 1363 1171 1454 tamquam
1197 1354 1233 1428 in
1259 1354 1442 1448 arbitrum,
1470 1350 1733 1448 arbitratorem,
1765 1355 1902 1434 amica·-

214 1457 320 1536 biiem
347 1459 619 1558 compositorem
647 1467 684 1532 et
709 1463 925 1532 communem
951 1456 1118 1550 amicum,
1152 1458 1341 1533 absentem
1373 1468 1548 1560 tamquam
1581 1468 1803 1558 presentem
1838 1483 1903 1534 su·

214 1583 281 1664 per
305 1561 465 1638 omnibus
492 1571 529 1636 et
554 1559 707 1658 singuiis
732 1559 1067 1657 molestaeionibus,
1100 1561 1452 1682 perturbaciouibus,
1485 1561 1728 1638 fraccionibus
1753 1572 1903 1670 treuga-

214 1689 300 1757 rum,
326 1661 528 1756 violenciis,
554 1661 744 1754 incendiis,
771 1665 918 1764 rapinis,
944 1664 1201 1756 invssiumbus,
1227 1662 1391 1766 dampnis
1417 1675 1455 1740 et
1480 1664 1620 1766 spoliis,
1647 1689 1717 1765 que
1739 1662 1905 1742 dicuutur

213 1769 316 1844 illata
338 1767 374 1842 in
400 1767 505 1842 bonis
531 1765 694 1843 ecclesie
720 1767 862 1842 Wrat.
890 1789 940 1844 ex
965 1777 1085 1870 parte,
1113 1767 1269 1859 nomine,
1296 1766 1476 1861 mandato,
1503 1763 1780 1862 ratihabicione,
1813 1791 1903 1846 con·

215 1895 326 1950 sensu
353 1881 391 1947 et
416 1866 654 1948 connivencia
678 1867 811 1971 prefati
837 1867 942 1946 ducis
970 1868 1186 1966 Conradi,
1218 1895 1285 1973 per
1308 1871 1488 1962 homines,
1521 1865 1687 1948 'vasallos
1720 1883 1757 1949 et
1781 1869 1903 1948 fauto-

214 1999 277 2054 res
303 1969 470 2074 ejusdem
495 1969 602 2049 ducis
628 1970 832 2051 conradi
856 1986 961 2074 parte
987 1997 1037 2050 ex
1062 1997 1144 2064 una,
1172 1985 1210 2050 et
1235 1985 1384 2050 econtra
1408 1974 1736 2068 molestucionibus,
1762 1985 1904 2076 pertur-

215 2077 443 2169 baciouibus,
475 2086 677 2175 treugarum
710 2075 971 2169 daemonibus,
997 2077 1205 2168 violenciis,
1239 2075 1437 2170 incendiis,
1467 2079 1619 2178 rapinis,
1644 2077 1902 2170 invasionibus,

215 2179 380 2284 dampnis
407 2193 443 2256 et
471 2179 616 2280 spoliis,
643 2189 682 2254 ut
707 2177 849 2272 dieitur,
877 2189 1072 2282 exparte,
1099 2180 1256 2272 nomine,
1283 2178 1470 2273 mandato,
1502 2181 1780 2274 ratihabioiune‚
1813 2203 1903 2258 eun·

216 2307 328 2364 sensu
354 2295 393 2360 et
418 2281 654 2362 couniuencia
678 2279 832 2384 predicti
857 2280 987 2357 domini
1014 2282 1177 2384 episcopi
1204 2283 1345 2358 Wrat.
1372 2309 1439 2386 per
1462 2284 1640 2378 homines,
1674 2285 1840 2362 vasallos
1866 2294 1904 2362 et

216 2389 379 2464 fautores
405 2383 569 2487 ejusdem
597 2383 761 2488 episcopi
787 2386 833 2461 ab
860 2409 906 2461 eo
932 2397 1002 2462 tem
1029 2409 1091 2462 ore
1118 2397 1156 2462 et
1182 2387 1289 2478 citra,
1317 2411 1386 2487 quo
1413 2386 1532 2464 dictus
1558 2387 1651 2465 dom.
1678 2385 1755 2464 dux
1781 2386 1903 2467 Gon·-

215 2489 351 2567 radus
377 2501 535 2594 tempore
566 2487 659 2564 dom.
686 2489 953 2582 Noukeri2),
986 2490 1032 2564 o'
1094 2489 1257 2591 episcopi
1284 2489 1438 2583 Wrat.,
1473 2492 1623 2568 radiavit
1648 2503 1686 2570 et
1711 2492 1810 2594 cepit
1835 2513 1902 2569 cu·-

215 2595 302 2671 riam
319 2591 453 2672 dietam
468 2591 686 2694 Pogalow
698 2593 741 2693 ⁸),
767 2602 852 2669 tunc
878 2593 1045 2668 situatam
1071 2615 1182 2693 super
1205 2591 1347 2668 durium
1365 2592 1527 2670 Odram
1553 2596 1590 2670 in
1607 2605 1704 2672 terra
1727 2619 1808 2687 sua,
1836 2616 1903 2672 ec-

56 2729 64 2734 ·
215 2697 333 2776 oiesie
358 2695 536 2798 predicte,
563 2697 739 2796 usquein
765 2719 921 2797 presens
947 2705 1097 2798 tempus,
1126 2696 1197 2773 boc
1222 2695 1443 2773 solummodo
1467 2710 1636 2800 excepto,
1663 2696 1760 2800 quod
1784 2696 1905 2774 dietus

215 2800 309 2878 dom.
336 2825 394 2902 ep.
421 2801 561 2877 Wrat.
589 2823 657 2876 suo
683 2811 722 2877 et
747 2799 911 2878 ecclesie
936 2823 984 2876 ac
1009 2798 1156 2900 capimii
1183 2799 1321 2874 Wrat.
1356 2800 1552 2876 nominibus
1577 2803 1782 2894 asserebat,
1831 2797 1905 2876 uod

214 2927 281 3011 per
305 2903 377 2980 boc
394 2904 684 3006 compromissum
710 2905 756 2978 ab
782 2903 946 2996 arbitrio,
979 2899 1078 3004 prius
1112 2902 1148 2977 in
1178 2901 1219 2976 N
1223 2903 1348 3004 ysa⁴)
1380 2925 1447 3004 per
1477 2913 1599 2980 certos
1631 2907 1785 2981 arbitros
1809 2822 1903 2995 isto,

215 3003 393 3087 recedere
426 3031 501 3097 uon
528 3004 734 3084 intenderet
766 3005 837 3082 sed
867 3001 956 3081 illud
987 3005 1101 3082 vellet
1131 3005 1166 3080 in
1198 3029 1265 3081 suo
1297 3015 1393 3082 statu
1426 3015 1465 3082 et
1496 3007 1624 3105 vigore
1655 3003 1905 3082 inmutabiliter

129 3125 136 3128 “
215 3133 443 3214 permanere3
478 3121 627 3186 econtra
658 3107 824 3212 predicto
851 3107 944 3184 dom.
971 3106 1067 3185 duce
1093 3106 1305 3186 Conrado
1338 3107 1503 3202 dicente,
1537 3107 1633 3209 quod
1664 3131 1774 3210 super
1806 3106 1905 3184 dicto

217 3215 362 3294 arbitrio
387 3215 487 3316 prius
513 3213 589 3289 lato
615 3223 653 3290 et
679 3213 839 3288 omnibus
865 3223 903 3290 et
926 3212 1079 3312 singulis
1104 3212 1254 3312 injuriis,
1280 3208 1488 3306 violenciis,
1515 3211 1774 3304 daemonibus,
1801 3208 1905 3286 dom-

216 3321 299 3422 pnis
326 3329 364 3395 et
389 3316 596 3394 defectibus
622 3317 889 3416 quibuscunque
915 3317 1188 3416 conpromittere
1213 3316 1337 3408 vellet,
1362 3313 1473 3391 nichil
1497 3315 1640 3418 penitus
1661 3310 1905 3406 excludendo,

216 3423 343 3524 sieque
369 3417 544 3522 predictis
571 3418 722 3495 dominis
751 3417 845 3496 inter
876 3441 921 3495 se
946 3429 1080 3514 mutuo,
1113 3443 1182 3520 quo
1214 3417 1264 3494 ad
1288 3415 1488 3521 predictum
1512 3419 1690 3494 arbitrirun
1721 3417 1820 3520 prius
1846 3417 1905 3493 ta·

215 3538 298 3618 tum,
324 3521 627 3625 discrepantibus,
653 3523 688 3598 in
713 3523 891 3625 prefatum
916 3519 1151 3599 reverendum
1169 3534 1318 3624 patrem,
1345 3519 1439 3598 dom.
1457 3521 1483 3598 J
1491 3522 1729 3613 arcelaum,
1757 3519 1904 3597 Gneu-

214 3651 394 3706 nensem
420 3625 732 3728 archiepiscopum
758 3625 1074 3729 compromiserunt
1099 3637 1136 3703 et
1161 3635 1423 3704 consenserunt
1448 3626 1673 3717 unanimiter,
1699 3635 1740 3699 ut
1762 3623 1905 3724 preser-
2008 3641 2009 3644 ‘

215 3743 290 3822 tur,
319 3727 593 3830 jurisdiciouem
620 3727 707 3807 dieti
734 3727 828 3806 dum.
854 3729 1121 3832 archiepiscopi
1153 3753 1334 3832 expresse
1358 3729 1602 3831 approbantes
1629 3741 1667 3805 et
1691 3751 1735 3803 se
1760 3727 1812 3832 iili
1837 3748 1905 3802 ro·

214 3834 368 3912 luntario
394 3831 642 3910 submittentes
673 3833 860 3936 ipsamque
891 3834 927 3908 in
961 3855 1005 3910 se
1038 3843 1076 3910 et
1108 3855 1198 3909 sues
1230 3857 1408 3935 personas
1441 3851 1489 3909 ae
1514 3843 1633 3909 terras
1658 3839 1697 3908 et
1719 3831 1813 3906 bona
1838 3849 1907 3904 sua

216 3962 272 4062 ex·
293 3947 397 4016 certa
422 3935 585 4014 sciencia
609 3947 864 4060 prorogantes,
886 3937 954 4030 sic,
982 3934 1077 4058 quod
1104 3937 1137 4010 si
1162 3931 1402 4058 diotusudum.
1429 3935 1728 4058 areidepispopps
1754 3925 1906 4009 eusdem
1987 4013 1995 4038 ,

216 4037 738 4238 substiterat?
753 4035 1907 4248 ttettffztttzttttzttfftttdtt’ttpttt

215 4245 265 4324 de
289 4248 415 4351 piano,
448 4245 530 4324 siue
555 4245 706 4350 strepitu
733 4257 771 4324 et
794 4247 911 4347 tigura
929 4243 1080 4348 judicii,
1106 4245 1280 4346 negocia,
1313 4267 1450 4322 causes
1476 4255 1515 4321 et
1540 4241 1793 4320 dissensiones
1818 4261 1905 4342 pre·
1941 4293 1945 4302 ·

321 4473 391 4562 laus
411 4473 466 4540 ΙΠ.
488 4497 551 4542 von
564 4475 659 4566 Brieg
680 4472 740 4539 sus
756 4473 812 4540 dea
833 4471 974 4540 bischoi's
995 4473 1090 4539 Seite.
1134 4473 1229 4538 Sonst
1250 4473 1289 4537 ist
1309 4473 1390 4538 iiber
1411 4469 1474 4538 den
1496 4469 1700 4564 Gegenstsnd
1721 4468 1776 4533 des
1795 4465 1906 4554 Streitr

320 4557 390 4710 m
403 4557 506 4708 rppplqs
514 4555 678 4712 Abenffit.
687 4559 841 4709 9.(31η·οιι.
861 4559 998 4650 princip.
1019 4558 1133 4626 Polou.
1154 4559 1188 4622 in
1210 4557 1337 4624 Soenrel
1356 4579 1418 4624 rer.
1441 4557 1547 4648 script.
1569 4555 1658 4658 Siler.
1679 4547 1721 4621 Τ.
1742 4553 1767 4634 1,
1788 4577 1821 4644 p.
1843 4543 1907 4618 1ae

262 4735 295 4810 l)
323 4727 548 4810 Bernstadt,
575 4729 637 4795 SO.
658 4729 680 4794 2
702 4729 746 4794 M.
769 4751 831 4794 von
854 4725 937 4806 Oels,
958 4727 998 4793 N.
1019 4729 1042 4795 4
1063 4729 1107 4796 Μ.
1130 4752 1193 4796 von
1214 4729 1316 4819 Brieg.

260 4819 294 4896 2)
322 4810 456 4880 Biscbof
472 4811 604 4878 Nanirer
623 4814 710 4880 ctarb
732 4813 813 4880 1341
847 4811 898 4879 10.
918 4811 1020 4905 April.

261 4903 296 5070 33
323 4894 457 5050 ittet:
477 4897 720 5062 turbidi?
742 4860 974 5049 bidom
