4660 5762
811 504 1025 580 mmet
1078 503 1211 578 OEIX.
1241 504 1347 580 wll.
1453 511 1461 520 “
1855 516 1933 596 m

236 715 312 782 toto
338 703 440 782 clerc
465 727 546 782 meo
572 701 748 806 dyocesis
774 705 901 782 anes
918 669 1170 786 miserabiliter
1194 717 1234 786 et
1257 705 1435 786 domui
1459 711 1666 810 peternitoti
1690 725 1817 796 vestre
1843 743 1933 822 sop—

236 809 413 912 plicemus
430 807 607 885 humiliter
623 809 776 908 genibus
794 810 1003 910 provolutis,
1031 821 1220 910 quatenus,
1247 840 1331 888 cunr
1346 818 1638 910 predicandus
1655 824 1830 913 nolitnec
1845 851 1933 922 pus·

236 919 287 990 tit
302 919 443 1012 corrigi
459 919 650 1012 spirituali
665 919 808 1012 gladio,
835 913 983 1014 placent
1007 914 1135 1014 pietati
1158 923 1285 992 vestre
1309 913 1358 992 de
1384 916 1504 1016 utiquo
1529 918 1647 1016 mame
1674 932 1845 1020 oportuno
1872 950 1933 1004 re-

238 1013 368 1094 medio
383 1016 455 1116 ipsi
480 1015 645 1094 ecclesie
671 1027 709 1092 ut
734 1041 928 1115 resurgere
953 1017 1078 1094 valeat
1102 1016 1306 1120 providere,
1332 1047 1422 1094 rum
1446 1033 1484 1096 ct
1508 1027 1577 1096 ulii
1601 1021 1712 1098 duces
1729 1054 1798 1102 nun
1814 1035 1934 1104 sutum

239 1147 320 1196 mee
346 1125 516 1216 dyocesis
537 1147 661 1216 prmo
678 1127 795 1196 tocius
810 1121 891 1196 Pol
901 1121 1002 1196 onie
1020 1149 1130 1196 esem
1173 1151 1236 1202 ran
1252 1129 1503 1220 perniciosum
1519 1139 1704 1202 sumentes
1721 1156 1746 1200 o
1761 1135 1933 1226 predicto

239 1229 335 1300 «luce
361 1221 765 1313 Wrctiolaoiensi,
791 1224 876 1322 quic
896 1224 1014 1324 ipsum
1040 1249 1109 1300 ron
1137 1251 1194 1300 um
1219 1225 1340 1325 ulique
1356 1249 1381 1300 a
1398 1226 1596 1302 Romanu
1621 1228 1787 1306 ecclesia
1803 1245 1934 1310 secuta

238 1338 298 1404 ert
323 1326 528 1416 consocio,
562 1326 667 1425 quasi
691 1326 845 1403 licenter
869 1351 1054 1428 occupare
1080 1325 1263 1423 decimas,
1290 1333 1377 1429 juro
1404 1339 1442 1408 et
1466 1353 1528 1407 res
1555 1328 1837 1412 ecclesiasticas
1862 1359 1932 1414 nou

238 1427 437 1506 tumidant.
490 1429 623 1506 Detom
648 1428 777 1504 xvu.
802 1429 951 1508 kalend.
977 1431 1177 1508 Februarii.

340 1839 442 1933 item,
469 1838 731 1918 cardinalibus:
1983 1853 2062 1908 ccx.

341 1941 406 2020 Ad
432 1941 601 2020 cardines
628 1945 744 2034 orbis,
771 1943 930 2022 cultores
950 1944 1103 2042 justicie
1128 1956 1167 2020 et
1191 1951 1317 2044 patres
1342 1941 1590 2022 misericordie
1616 1945 1782 2022 ecclesia
1806 1945 1931 2022 Wro-
1948 1937 2094 2063 1⁶¹}th

241 2047 535 2124 ticianiensis
561 2071 742 2148 oppressa
767 2047 871 2145 gravi
901 2045 1134 2122 mneritudine
1161 2046 1333 2145 confugit,
1362 2047 1529 2145 gestiens
1556 2045 1604 2122 de
1631 2047 1709 2124 suis
1735 2049 1932 2126 anxietati·
1983 2044 1991 2062 '
2095 2045 2102 2060 '

239 2150 306 2224 bus
332 2149 533 2250 respirare,
567 2161 670 2226 certo
695 2149 880 2240 existens,
916 2147 1011 2248 quod
1039 2149 1108 2224 nisi
1134 2173 1200 2249 per
1225 2149 1455 2226 sanctitatem
1480 2160 1639 2226 vestram
1665 2161 1702 2228 et
1727 2152 1931 2228 sollerciem

238 2252 465 2344 reformetur,
506 2251 635 2328 amodo
661 2278 737 2328 noo.
756 2249 892 2330 adiciet
916 2262 954 2326 ut
979 2261 1159 2351 resurgat.
1203 2251 1351 2328 Nobilis
1377 2253 1468 2328 enim
1494 2254 1550 2328 vir
1574 2254 1823 2348 flectione,
1855 2253 1932 2332 dux

238 2355 396 2434 Slezie
414 2369 452 2432 et
469 2353 561 2432 dom.
581 2355 820 2446 Wrat.···¹).
874 2353 1047 2444 Qumnms
1065 2365 1194 2442 antem,
1219 2366 1259 2432 ut
1283 2380 1395 2456 snpre
1419 2357 1654 2457 premisimus,
1682 2358 1738 2438 sic
1764 2381 1830 2459 per
1855 2357 1930 2460 pri-

237 2484 316 2538 mos
343 2471 380 2537 et
405 2457 591 2536 secundos
622 2468 843 2538 executores
877 2456 981 2534 sedis
1016 2457 1220 2558 apostolice
1254 2460 1327 2534 sint
1351 2470 1474 2536 nostre
1500 2460 1701 2552 sentencie
1716 2462 1933 2552 confirmme,

237 2561 371 2642 frutres
395 2573 515 2638 tamen
539 2563 703 2640 nitrum
727 2561 777 2638 de
801 2572 953 2660 memor
979 2561 1215 2638 conventibus
1238 2561 1274 2638 in
1299 2561 1416 2661 ipsios
1443 2560 1548 2640 ducis
1573 2561 1727 2641 dominio
1754 2565 1931 2642 constitn-

236 2667 285 2742 tis
312 2677 350 2744 et
374 2664 516 2765 quidm
542 2666 1032 2743 sumptuosissimam
1064 2661 1201 2740 ordinis
1226 2690 1258 2740 s.
1286 2665 1530 2742 Vincencii
1564 2665 1662 2767 apud
1688 2667 1824 2744 Wrat
1851 2692 1932 2746 com

238 2793 305 2846 sno
338 2779 517 2848 conventu
551 2770 622 2846 etsi
656 2793 680 2844 e
712 2767 886 2846 secundis
922 2768 1178 2846 executoribus
1210 2767 1247 2842 io
1280 2765 1459 2844 mannans
1497 2771 1703 2871 receperint
1740 2783 1779 2846 ut
1816 2771 1931 2871 ipsum

237 2871 367 2950 ducem
404 2883 582 2973 tumqrsm
622 2873 963 2950 excommunicatum
1001 2871 1156 2948 vitarent
1191 2880 1228 2947 et
1262 2883 1450 2954 servarent
1483 2875 1706 2950 sentenciam
1737 2871 1931 2966 interdicti,

238 2985 361 3078 spreto
391 2977 547 3078 ipsorum
580 2973 748 3054 mondeto
780 3000 851 3052 nec
877 2975 1219 3052 excommunicatum
1245 2972 1374 3050 docem
1398 2975 1828 3054 Wrutiulnuiensem
1855 2977 1930 3070 (vi-

238 3085 333 3177 ttot)
359 3103 428 3156 nec
454 3091 605 3156 servunt
622 3079 880 3156 contumaciter
895 3076 1133 3167 interdictum,
1161 3101 1210 3154 ex
1236 3101 1381 3176 quorum
1407 3065 1506 3154 facto
1527 3087 1572 3198 pt
1596 3078 1750 3179 pupulos
1767 3076 1930 3156 scendo·

238 3182 369 3258 imaum
394 3193 431 3259 et
456 3183 538 3283 ipse
564 3180 641 3256 dux
666 3180 716 3258 ud
743 3182 1013 3283 oppressionem
1040 3180 1203 3258 ecclesie
1227 3179 1364 3257 sorcius
1388 3178 1598 3258 indurescit.
1649 3177 1757 3256 Unde
1783 3204 1852 3256 nos
1878 3181 1931 3256 si·

238 3285 309 3362 nul
336 3311 415 3364 com
442 3286 609 3362 ecelesia
640 3297 678 3362 et
708 3293 784 3362 toto
819 3286 919 3362 clero
945 3291 1068 3360 nostro
1093 3283 1219 3360 afflicti
1244 3283 1496 3360 miserabiliter
1528 3293 1565 3358 et
1597 3279 1774 3360 destructi
1806 3283 1931 3383 pienti

239 3401 364 3468 vestre
390 3389 589 3491 provolutis
613 3389 768 3488 genibus
793 3389 1051 3490 supplicemus,
1077 3397 1255 3487 quatenos
1280 3411 1359 3464 cnm
1378 3385 1453 3462 dux
1469 3386 1634 3487 prefatus
1650 3386 1739 3462 nolit
1754 3409 1825 3464 neo
1842 3409 1932 3487 pos·

241 3494 290 3568 rit
316 3493 448 3592 corrigi
475 3493 649 3594 spiritooli
676 3490 813 3591 gladio,
838 3493 987 3594 plueett
1011 3500 1137 3570 verne
1162 3490 1368 3592 patentitrti
1385 3487 1433 3566 de
1450 3489 1568 3590 magis
1584 3500 1756 3592 oportuno
1772 3487 1932 3566 remedio

240 3621 308 3700 per
333 3595 430 3697 quod
455 3606 626 3695 resurget
650 3596 816 3674 ecclesio
842 3597 1018 3695 cogitare,
1045 3619 1125 3670 nem
1151 3604 1189 3670 et
1214 3594 1276 3670 ulti
1301 3591 1419 3672 duces
1443 3617 1512 3670 non
1539 3593 1653 3670 solum
1686 3603 1811 3670 nostre
1837 3589 1931 3692 dyo·

241 3701 343 3778 cesis
375 3724 491 3803 ymno
523 3699 642 3776 tocius
673 3699 837 3792 Polonic,
878 3697 1079 3801 exemplum
1110 3698 1351 3798 pemiciosom
1383 3707 1566 3774 sumentes
1591 3721 1616 3774 c
1640 3695 1806 3799 predicto
1836 3693 1932 3774 doce

241 3804 393 3896 Wrot.‚
429 3805 514 3903 quin
544 3803 659 3904 ipsum
692 3801 847 3878 nondum
878 3803 1002 3903 aliquo
1032 3827 1056 3878 tt
1080 3802 1275 3878 Romano
1300 3801 1466 3880 ecclesie
1490 3811 1621 3878 secuto
1647 3811 1706 3878 est
1732 3799 1930 3888 eorreceio

239 3909 345 4008 quasi
371 3909 525 3985 licenter
549 3929 733 4006 occepere
759 3905 934 3999 decimus,
955 3910 1042 4005 jure
1066 3915 1105 3982 et
1129 3930 1193 3982 res
1220 3902 1596 3982 ecclesiasticarum
1622 3902 1824 3982 formident.
1851 3903 1931 3977 llo·

242 4024 313 4088 tum
337 4011 575 4102 Rathibor‚
601 4007 728 4086 xvlt.
754 4008 904 4086 kalend.
930 4007 1131 4087 Febrtmrii.

286 4305 318 4384 l)
345 4301 388 4368 Es
410 4299 492 4391 folgt
512 4325 595 4385 nun,
625 4321 732 4368 ausser
754 4299 825 4366 doss
846 4298 905 4364 der
926 4293 1056 4366 Bischoi
1074 4294 1146 4362 hier
1166 4317 1228 4362 von
1249 4291 1317 4360 sich
1344 4293 1458 4358 immer
1479 4291 1513 4356 in
1535 4291 1592 4358 der
1612 4287 1780 4358 Mehmehi
1800 4288 1931 4379 spricht,

349 4387 408 4486 mit
429 4387 582 4478 geringen
605 4384 701 4488 viillig
723 4381 990 4504 unwesenlliphen
1012 4377 1269 4530 Αδιιείοὶιιιιιὲειι
1291 4401 1354 4444 was
1376 4375 1415 4441 N.
1426 4375 1529 4441 CCIX
1544 4375 1575 4443 S.
1586 4373 1651 4443 213
1665 4375 1770 4443 z.3v.
1782 4399 1811 4440 u.
1835 4369 1931 4439 steht:

349 4495 405 4558 qut
427 4472 562 4538 eandem
584 4469 759 4551 ecclesiam,
780 4471 830 4536 hrs
851 4471 883 4536 S.
906 4469 970 4536 tlt
990 4469 1026 4535 Z.
1049 4467 1091 4534 15
1105 4487 1183 4531 nu..
1228 4473 1326 4530 etmel
1347 4473 1527 4554 occupatos.
