<?xml version="1.0" encoding="UTF-8"?>
<!DOCTYPE html PUBLIC "-//W3C//DTD XHTML 1.0 Transitional//EN"
    "http://www.w3.org/TR/xhtml1/DTD/xhtml1-transitional.dtd">
<html xmlns="http://www.w3.org/1999/xhtml" xml:lang="en" lang="en">
 <head>
  <title>
</title>
<meta http-equiv="Content-Type" content="text/html;charset=utf-8" />
  <meta name='ocr-system' content='tesseract 3.04.00' />
  <meta name='ocr-capabilities' content='ocr_page ocr_carea ocr_par ocr_line ocrx_word'/>
</head>
<body>
  <div class='ocr_page' id='page_1' title='image "./urkundenzurgesc00stengoog_0344.png"; bbox 0 0 4622 5772; ppageno 0'>
   <div class='ocr_carea' id='block_1_1' title="bbox 421 489 1938 608">
    <p class='ocr_par' dir='ltr' id='par_1_1' title="bbox 421 489 1938 608">
     <span class='ocr_line' id='line_1_1' title="bbox 421 489 1938 608; baseline -0.001 0"><span class='ocrx_word' id='word_1_1' title='bbox 421 489 423 492; x_wconf 60' lang='grc'><strong>’</strong></span> <span class='ocrx_word' id='word_1_2' title='bbox 557 533 767 608; x_wconf 64' lang='lat' dir='ltr'>urum</span> <span class='ocrx_word' id='word_1_3' title='bbox 823 527 1041 602; x_wconf 74' lang='lat' dir='ltr'>mxxxu.</span> <span class='ocrx_word' id='word_1_4' title='bbox 1078 526 1320 602; x_wconf 72' lang='lat' dir='ltr'>ccxxxrrr.</span> <span class='ocrx_word' id='word_1_5' title='bbox 1356 523 1623 600; x_wconf 77' lang='lat' dir='ltr'>ccxxxurr.</span> <span class='ocrx_word' id='word_1_6' title='bbox 1862 525 1938 606; x_wconf 65' lang='lat' dir='ltr'>nm</span> 
     </span>
    </p>
   </div>
   <div class='ocr_carea' id='block_1_2' title="bbox 84 729 1936 2498">
    <p class='ocr_par' dir='ltr' id='par_1_2' title="bbox 84 729 1936 2498">
     <span class='ocr_line' id='line_1_2' title="bbox 248 729 1936 838; baseline -0.008 -15"><span class='ocrx_word' id='word_1_7' title='bbox 248 741 412 822; x_wconf 78' lang='lat' dir='ltr'>eodem&#39;e</span> <span class='ocrx_word' id='word_1_8' title='bbox 436 746 559 814; x_wconf 88' lang='lat' dir='ltr'>nostre</span> <span class='ocrx_word' id='word_1_9' title='bbox 584 735 763 838; x_wconf 82' lang='lat' dir='ltr'>aspirans,</span> <span class='ocrx_word' id='word_1_10' title='bbox 789 729 851 810; x_wconf 89' lang='lat' dir='ltr'>dei</span> <span class='ocrx_word' id='word_1_11' title='bbox 868 732 993 810; x_wconf 88' lang='lat' dir='ltr'>timore</span> <span class='ocrx_word' id='word_1_12' title='bbox 1017 729 1218 833; x_wconf 86' lang='lat' dir='ltr'>postposito</span> <span class='ocrx_word' id='word_1_13' title='bbox 1244 729 1280 804; x_wconf 90' lang='lat' dir='ltr'>in</span> <span class='ocrx_word' id='word_1_14' title='bbox 1306 737 1541 831; x_wconf 82' lang='lat' dir='ltr'>comtemptum</span> <span class='ocrx_word' id='word_1_15' title='bbox 1567 729 1718 808; x_wconf 74' lang='lat' dir='ltr'>clarium</span> <span class='ocrx_word' id='word_1_16' title='bbox 1744 741 1783 810; x_wconf 91' lang='lat' dir='ltr'>et</span> <span class='ocrx_word' id='word_1_17' title='bbox 1808 731 1936 810; x_wconf 86' lang='lat' dir='ltr'>eoele-</span> 
     </span>
     <span class='ocr_line' id='line_1_3' title="bbox 84 831 1936 943; baseline -0.006 -17"><span class='ocrx_word' id='word_1_18' title='bbox 84 843 87 858; x_wconf 84' lang='lat'>&#39;</span> <span class='ocrx_word' id='word_1_19' title='bbox 247 846 400 924; x_wconf 69' lang='lat' dir='ltr'>emeca</span> <span class='ocrx_word' id='word_1_20' title='bbox 425 841 619 943; x_wconf 66' lang='lat' dir='ltr'>diseipffie</span> <span class='ocrx_word' id='word_1_21' title='bbox 645 840 691 916; x_wconf 84' lang='lat' dir='ltr'>ab</span> <span class='ocrx_word' id='word_1_22' title='bbox 708 837 1003 940; x_wconf 68' lang='lat' dir='ltr'>oppressionibus</span> <span class='ocrx_word' id='word_1_23' title='bbox 1028 833 1160 910; x_wconf 86' lang='lat' dir='ltr'>nostris</span> <span class='ocrx_word' id='word_1_24' title='bbox 1187 844 1224 910; x_wconf 92' lang='lat' dir='ltr'>et</span> <span class='ocrx_word' id='word_1_25' title='bbox 1250 831 1414 910; x_wconf 88' lang='lat' dir='ltr'>ecclesie</span> <span class='ocrx_word' id='word_1_26' title='bbox 1441 843 1478 909; x_wconf 90' lang='lat' dir='ltr'>et</span> <span class='ocrx_word' id='word_1_27' title='bbox 1504 833 1619 910; x_wconf 86' lang='lat' dir='ltr'>eciam</span> <span class='ocrx_word' id='word_1_28' title='bbox 1645 835 1734 912; x_wconf 88' lang='lat' dir='ltr'>cleri</span> <span class='ocrx_word' id='word_1_29' title='bbox 1760 833 1936 914; x_wconf 86' lang='lat' dir='ltr'>obedien-</span> 
     </span>
     <span class='ocr_line' id='line_1_4' title="bbox 247 935 1934 1042; baseline -0.006 -13"><span class='ocrx_word' id='word_1_30' title='bbox 247 950 340 1029; x_wconf 88' lang='lat' dir='ltr'>ciam</span> <span class='ocrx_word' id='word_1_31' title='bbox 364 947 545 1025; x_wconf 80' lang='lat' dir='ltr'>servantis</span> <span class='ocrx_word' id='word_1_32' title='bbox 571 967 696 1020; x_wconf 88' lang='lat' dir='ltr'>manus</span> <span class='ocrx_word' id='word_1_33' title='bbox 722 965 792 1018; x_wconf 94' lang='lat' dir='ltr'>non</span> <span class='ocrx_word' id='word_1_34' title='bbox 817 940 973 1042; x_wconf 73' lang='lat' dir='ltr'>reprimit</span> <span class='ocrx_word' id='word_1_35' title='bbox 997 939 1194 1030; x_wconf 64' lang='lat' dir='ltr'>violentas,</span> <span class='ocrx_word' id='word_1_36' title='bbox 1231 941 1358 1038; x_wconf 88' lang='lat' dir='ltr'>pejora</span> <span class='ocrx_word' id='word_1_37' title='bbox 1383 935 1480 1012; x_wconf 83' lang='lat' dir='ltr'>maia</span> <span class='ocrx_word' id='word_1_38' title='bbox 1504 949 1542 1013; x_wconf 92' lang='lat' dir='ltr'>et</span> <span class='ocrx_word' id='word_1_39' title='bbox 1567 938 1736 1037; x_wconf 75' lang='lat' dir='ltr'>graviora</span> <span class='ocrx_word' id='word_1_40' title='bbox 1759 939 1934 1042; x_wconf 74' lang='lat' dir='ltr'>prioribus</span> 
     </span>
     <span class='ocr_line' id='line_1_5' title="bbox 246 1039 1933 1148; baseline -0.009 -14"><span class='ocrx_word' id='word_1_41' title='bbox 246 1049 396 1133; x_wconf 83' lang='lat' dir='ltr'>cottidie</span> <span class='ocrx_word' id='word_1_42' title='bbox 420 1046 620 1140; x_wconf 85' lang='lat' dir='ltr'>inferendo,</span> <span class='ocrx_word' id='word_1_43' title='bbox 647 1047 731 1148; x_wconf 76' lang='lat' dir='ltr'>qma</span> <span class='ocrx_word' id='word_1_44' title='bbox 756 1055 912 1122; x_wconf 76' lang='lat' dir='ltr'><strong>castrum</strong></span> <span class='ocrx_word' id='word_1_45' title='bbox 939 1042 1245 1133; x_wconf 82' lang='lat' dir='ltr'>(ithmncbow‚</span> <span class='ocrx_word' id='word_1_46' title='bbox 1272 1039 1368 1141; x_wconf 85' lang='lat' dir='ltr'>quod</span> <span class='ocrx_word' id='word_1_47' title='bbox 1393 1039 1461 1116; x_wconf 83' lang='lat' dir='ltr'>init</span> <span class='ocrx_word' id='word_1_48' title='bbox 1485 1051 1523 1117; x_wconf 92' lang='lat' dir='ltr'>et</span> <span class='ocrx_word' id='word_1_49' title='bbox 1549 1053 1628 1118; x_wconf 82' lang='lat' dir='ltr'>erat</span> <span class='ocrx_word' id='word_1_50' title='bbox 1652 1053 1775 1119; x_wconf 88' lang='lat' dir='ltr'>nostre</span> <span class='ocrx_word' id='word_1_51' title='bbox 1793 1043 1933 1124; x_wconf 80' lang='lat' dir='ltr'>Wrat.</span> 
     </span>
     <span class='ocr_line' id='line_1_6' title="bbox 247 1141 1934 1256; baseline -0.005 -20"><span class='ocrx_word' id='word_1_52' title='bbox 247 1156 410 1236; x_wconf 84' lang='lat' dir='ltr'>ecclesie</span> <span class='ocrx_word' id='word_1_53' title='bbox 440 1151 684 1256; x_wconf 79' lang='lat' dir='ltr'><strong>patrimonium</strong></span> <span class='ocrx_word' id='word_1_54' title='bbox 716 1148 899 1252; x_wconf 89' lang='lat' dir='ltr'>speciale,</span> <span class='ocrx_word' id='word_1_55' title='bbox 938 1147 1031 1224; x_wconf 93' lang='lat' dir='ltr'>inter</span> <span class='ocrx_word' id='word_1_56' title='bbox 1063 1157 1211 1224; x_wconf 85' lang='lat' dir='ltr'>ceteras</span> <span class='ocrx_word' id='word_1_57' title='bbox 1242 1144 1422 1222; x_wconf 80' lang='lat' dir='ltr'>t&#39;ractruaa</span> <span class='ocrx_word' id='word_1_58' title='bbox 1454 1141 1633 1222; x_wconf 88' lang='lat' dir='ltr'>domorum</span> <span class='ocrx_word' id='word_1_59' title='bbox 1667 1155 1864 1224; x_wconf 78' lang='lat' dir='ltr'>nosuarum</span> <span class='ocrx_word' id='word_1_60' title='bbox 1895 1159 1934 1227; x_wconf 87' lang='lat' dir='ltr'>et</span> 
     </span>
     <span class='ocr_line' id='line_1_7' title="bbox 247 1246 1933 1358; baseline -0.006 -19"><span class='ocrx_word' id='word_1_61' title='bbox 247 1260 495 1340; x_wconf 82' lang='lat' dir='ltr'>canonicorum</span> <span class='ocrx_word' id='word_1_62' title='bbox 520 1257 620 1358; x_wconf 90' lang='lat' dir='ltr'>prius</span> <span class='ocrx_word' id='word_1_63' title='bbox 645 1254 780 1346; x_wconf 82' lang='lat' dir='ltr'>iactas,</span> <span class='ocrx_word' id='word_1_64' title='bbox 814 1275 893 1329; x_wconf 87' lang='lat' dir='ltr'>oum</span> <span class='ocrx_word' id='word_1_65' title='bbox 920 1249 1081 1328; x_wconf 83' lang='lat' dir='ltr'>domibus</span> <span class='ocrx_word' id='word_1_66' title='bbox 1107 1263 1178 1326; x_wconf 90' lang='lat' dir='ltr'>tam</span> <span class='ocrx_word' id='word_1_67' title='bbox 1203 1246 1362 1350; x_wconf 85' lang='lat' dir='ltr'>lapideis</span> <span class='ocrx_word' id='word_1_68' title='bbox 1386 1273 1489 1348; x_wconf 84' lang='lat' dir='ltr'>quam</span> <span class='ocrx_word' id='word_1_69' title='bbox 1514 1248 1646 1348; x_wconf 75' lang='lat' dir='ltr'><strong>ligneis</strong></span> <span class='ocrx_word' id='word_1_70' title='bbox 1673 1247 1835 1351; x_wconf 75' lang='lat' dir='ltr'>disrupit,</span> <span class='ocrx_word' id='word_1_71' title='bbox 1863 1248 1933 1330; x_wconf 82' lang='lat' dir='ltr'>de·</span> 
     </span>
     <span class='ocr_line' id='line_1_8' title="bbox 246 1350 1933 1457; baseline -0.007 -16"><span class='ocrx_word' id='word_1_72' title='bbox 246 1363 376 1441; x_wconf 77' lang='lat' dir='ltr'>struxit</span> <span class='ocrx_word' id='word_1_73' title='bbox 401 1373 439 1440; x_wconf 91' lang='lat' dir='ltr'>et</span> <span class='ocrx_word' id='word_1_74' title='bbox 469 1362 504 1436; x_wconf 91' lang='lat' dir='ltr'>iu</span> <span class='ocrx_word' id='word_1_75' title='bbox 537 1371 667 1437; x_wconf 89' lang='lat' dir='ltr'>terram</span> <span class='ocrx_word' id='word_1_76' title='bbox 699 1355 855 1457; x_wconf 87' lang='lat' dir='ltr'>dejecit,</span> <span class='ocrx_word' id='word_1_77' title='bbox 889 1355 1041 1432; x_wconf 84' lang='lat' dir='ltr'>fossatis</span> <span class='ocrx_word' id='word_1_78' title='bbox 1067 1355 1228 1431; x_wconf 85' lang='lat' dir='ltr'>omnibus</span> <span class='ocrx_word' id='word_1_79' title='bbox 1260 1350 1425 1453; x_wconf 85' lang='lat' dir='ltr'>ejusdem</span> <span class='ocrx_word' id='word_1_80' title='bbox 1452 1355 1564 1430; x_wconf 86' lang='lat' dir='ltr'>castri</span> <span class='ocrx_word' id='word_1_81' title='bbox 1589 1353 1747 1430; x_wconf 84' lang='lat' dir='ltr'>totaliter</span> <span class='ocrx_word' id='word_1_82' title='bbox 1772 1353 1933 1454; x_wconf 81' lang='lat' dir='ltr'>compla-</span> 
     </span>
     <span class='ocr_line' id='line_1_9' title="bbox 244 1455 1931 1564; baseline -0.007 -20"><span class='ocrx_word' id='word_1_83' title='bbox 244 1468 350 1544; x_wconf 83' lang='lat' dir='ltr'>natis.</span> <span class='ocrx_word' id='word_1_84' title='bbox 401 1466 464 1542; x_wconf 92' lang='lat' dir='ltr'>Ne</span> <span class='ocrx_word' id='word_1_85' title='bbox 490 1464 598 1564; x_wconf 80' lang='lat' dir='ltr'>igitur</span> <span class='ocrx_word' id='word_1_86' title='bbox 623 1461 698 1538; x_wconf 89' lang='lat' dir='ltr'>tale</span> <span class='ocrx_word' id='word_1_87' title='bbox 722 1461 855 1537; x_wconf 83' lang='lat' dir='ltr'>sactum</span> <span class='ocrx_word' id='word_1_88' title='bbox 881 1457 1117 1560; x_wconf 81' lang='lat' dir='ltr'>vituperabile</span> <span class='ocrx_word' id='word_1_89' title='bbox 1145 1470 1183 1535; x_wconf 93' lang='lat' dir='ltr'>et</span> <span class='ocrx_word' id='word_1_90' title='bbox 1207 1457 1442 1558; x_wconf 86' lang='lat' dir='ltr'>perniciosum</span> <span class='ocrx_word' id='word_1_91' title='bbox 1469 1456 1636 1558; x_wconf 85' lang='lat' dir='ltr'>exemplo</span> <span class='ocrx_word' id='word_1_92' title='bbox 1660 1455 1744 1534; x_wconf 85' lang='lat' dir='ltr'>uiiis</span> <span class='ocrx_word' id='word_1_93' title='bbox 1768 1481 1931 1558; x_wconf 80' lang='lat' dir='ltr'>presum-</span> 
     </span>
     <span class='ocr_line' id='line_1_10' title="bbox 243 1557 1931 1674; baseline -0.007 -26"><span class='ocrx_word' id='word_1_94' title='bbox 243 1571 403 1674; x_wconf 90' lang='lat' dir='ltr'>ptoribus</span> <span class='ocrx_word' id='word_1_95' title='bbox 428 1567 552 1644; x_wconf 86' lang='lat' dir='ltr'>veniat</span> <span class='ocrx_word' id='word_1_96' title='bbox 576 1576 614 1644; x_wconf 92' lang='lat' dir='ltr'>et</span> <span class='ocrx_word' id='word_1_97' title='bbox 639 1574 803 1642; x_wconf 90' lang='lat' dir='ltr'>transeat</span> <span class='ocrx_word' id='word_1_98' title='bbox 826 1565 862 1639; x_wconf 90' lang='lat' dir='ltr'>in</span> <span class='ocrx_word' id='word_1_99' title='bbox 888 1562 1099 1665; x_wconf 86' lang='lat' dir='ltr'>exemplum,</span> <span class='ocrx_word' id='word_1_100' title='bbox 1123 1573 1246 1640; x_wconf 87' lang='lat' dir='ltr'>vestre</span> <span class='ocrx_word' id='word_1_101' title='bbox 1272 1561 1487 1661; x_wconf 73' lang='lat' dir='ltr'>paternitati,</span> <span class='ocrx_word' id='word_1_102' title='bbox 1513 1557 1563 1636; x_wconf 90' lang='lat' dir='ltr'>de</span> <span class='ocrx_word' id='word_1_103' title='bbox 1588 1585 1659 1660; x_wconf 80' lang='lat' dir='ltr'>qua</span> <span class='ocrx_word' id='word_1_104' title='bbox 1683 1560 1824 1636; x_wconf 87' lang='lat' dir='ltr'>muitum</span> <span class='ocrx_word' id='word_1_105' title='bbox 1842 1585 1931 1638; x_wconf 91' lang='lat' dir='ltr'>con·</span> 
     </span>
     <span class='ocr_line' id='line_1_11' title="bbox 242 1664 1930 1773; baseline -0.007 -21"><span class='ocrx_word' id='word_1_106' title='bbox 242 1673 402 1765; x_wconf 75' lang='lat' dir='ltr'>fidimus,</span> <span class='ocrx_word' id='word_1_107' title='bbox 428 1672 582 1773; x_wconf 86' lang='lat' dir='ltr'>petimus</span> <span class='ocrx_word' id='word_1_108' title='bbox 609 1680 648 1746; x_wconf 92' lang='lat' dir='ltr'>et</span> <span class='ocrx_word' id='word_1_109' title='bbox 672 1692 858 1768; x_wconf 76' lang='lat' dir='ltr'>rogamus,</span> <span class='ocrx_word' id='word_1_110' title='bbox 884 1678 924 1742; x_wconf 91' lang='lat' dir='ltr'>ut</span> <span class='ocrx_word' id='word_1_111' title='bbox 948 1667 1044 1744; x_wconf 86' lang='lat' dir='ltr'>sicut</span> <span class='ocrx_word' id='word_1_112' title='bbox 1068 1665 1151 1742; x_wconf 91' lang='lat' dir='ltr'>olim</span> <span class='ocrx_word' id='word_1_113' title='bbox 1177 1690 1244 1742; x_wconf 90' lang='lat' dir='ltr'>nos</span> <span class='ocrx_word' id='word_1_114' title='bbox 1277 1675 1315 1740; x_wconf 91' lang='lat' dir='ltr'>et</span> <span class='ocrx_word' id='word_1_115' title='bbox 1339 1675 1497 1740; x_wconf 89' lang='lat' dir='ltr'>nostram</span> <span class='ocrx_word' id='word_1_116' title='bbox 1523 1664 1718 1741; x_wconf 88' lang='lat' dir='ltr'>ecclesiam</span> <span class='ocrx_word' id='word_1_117' title='bbox 1746 1664 1930 1765; x_wconf 87' lang='lat' dir='ltr'>promisis-</span> 
     </span>
     <span class='ocr_line' id='line_1_12' title="bbox 242 1767 1930 1870; baseline -0.005 -15"><span class='ocrx_word' id='word_1_118' title='bbox 242 1779 290 1856; x_wconf 88' lang='lat' dir='ltr'>tis</span> <span class='ocrx_word' id='word_1_119' title='bbox 315 1787 439 1854; x_wconf 82' lang='lat' dir='ltr'>vestro</span> <span class='ocrx_word' id='word_1_120' title='bbox 472 1773 623 1851; x_wconf 90' lang='lat' dir='ltr'>consilio</span> <span class='ocrx_word' id='word_1_121' title='bbox 656 1770 812 1850; x_wconf 87' lang='lat' dir='ltr'>fideliter</span> <span class='ocrx_word' id='word_1_122' title='bbox 843 1769 1038 1870; x_wconf 85' lang='lat' dir='ltr'>adjuvere,</span> <span class='ocrx_word' id='word_1_123' title='bbox 1072 1767 1225 1847; x_wconf 88' lang='lat' dir='ltr'>eundem</span> <span class='ocrx_word' id='word_1_124' title='bbox 1258 1769 1314 1845; x_wconf 87' lang='lat' dir='ltr'>sic</span> <span class='ocrx_word' id='word_1_125' title='bbox 1347 1792 1560 1870; x_wconf 81' lang='lat' dir='ltr'>oppressam</span> <span class='ocrx_word' id='word_1_126' title='bbox 1596 1779 1634 1844; x_wconf 89' lang='lat' dir='ltr'>et</span> <span class='ocrx_word' id='word_1_127' title='bbox 1659 1769 1763 1868; x_wconf 87' lang='lat' dir='ltr'>quasi</span> <span class='ocrx_word' id='word_1_128' title='bbox 1788 1768 1930 1870; x_wconf 84' lang='lat' dir='ltr'>penitus</span> 
     </span>
     <span class='ocr_line' id='line_1_13' title="bbox 176 1869 1931 1978; baseline -0.006 -17"><span class='ocrx_word' id='word_1_129' title='bbox 176 1964 182 1974; x_wconf 64' lang='grc'>,</span> <span class='ocrx_word' id='word_1_130' title='bbox 242 1905 409 1960; x_wconf 84' lang='lat' dir='ltr'>euersam</span> <span class='ocrx_word' id='word_1_131' title='bbox 434 1890 505 1953; x_wconf 90' lang='lat' dir='ltr'>tam</span> <span class='ocrx_word' id='word_1_132' title='bbox 533 1873 629 1978; x_wconf 90' lang='lat' dir='ltr'>apud</span> <span class='ocrx_word' id='word_1_133' title='bbox 654 1873 748 1952; x_wconf 87' lang='lat' dir='ltr'>dom.</span> <span class='ocrx_word' id='word_1_134' title='bbox 774 1875 931 1974; x_wconf 84' lang='lat' dir='ltr'>legatum</span> <span class='ocrx_word' id='word_1_135' title='bbox 958 1871 1180 1950; x_wconf 88' lang='lat' dir='ltr'>cardinalem-</span> <span class='ocrx_word' id='word_1_136' title='bbox 1204 1899 1306 1974; x_wconf 89' lang='lat' dir='ltr'>quam</span> <span class='ocrx_word' id='word_1_137' title='bbox 1334 1869 1431 1974; x_wconf 87' lang='lat' dir='ltr'>apud</span> <span class='ocrx_word' id='word_1_138' title='bbox 1456 1882 1602 1948; x_wconf 83' lang='lat' dir='ltr'>uestros</span> <span class='ocrx_word' id='word_1_139' title='bbox 1636 1872 1773 1948; x_wconf 87' lang='lat' dir='ltr'>amicos</span> <span class='ocrx_word' id='word_1_140' title='bbox 1799 1871 1931 1950; x_wconf 76' lang='lat' dir='ltr'>utiliter</span> 
     </span>
     <span class='ocr_line' id='line_1_14' title="bbox 241 1973 1928 2087; baseline -0.007 -25"><span class='ocrx_word' id='word_1_141' title='bbox 241 1984 437 2087; x_wconf 81' lang='lat' dir='ltr'>adjuvetis,</span> <span class='ocrx_word' id='word_1_142' title='bbox 465 2006 511 2082; x_wconf 87' lang='lat' dir='ltr'>ne</span> <span class='ocrx_word' id='word_1_143' title='bbox 537 1979 665 2057; x_wconf 84' lang='lat' dir='ltr'>eadent</span> <span class='ocrx_word' id='word_1_144' title='bbox 692 1977 856 2056; x_wconf 84' lang='lat' dir='ltr'>ecclesia</span> <span class='ocrx_word' id='word_1_145' title='bbox 880 1989 1025 2079; x_wconf 91' lang='lat' dir='ltr'>propter</span> <span class='ocrx_word' id='word_1_146' title='bbox 1050 1978 1227 2054; x_wconf 79' lang='lat' dir='ltr'>arbitrium</span> <span class='ocrx_word' id='word_1_147' title='bbox 1253 1974 1349 2075; x_wconf 86' lang='lat' dir='ltr'>qnod</span> <span class='ocrx_word' id='word_1_148' title='bbox 1375 1999 1441 2076; x_wconf 90' lang='lat' dir='ltr'>per</span> <span class='ocrx_word' id='word_1_149' title='bbox 1465 2001 1534 2050; x_wconf 84' lang='lat' dir='ltr'>voa</span> <span class='ocrx_word' id='word_1_150' title='bbox 1559 1973 1668 2050; x_wconf 87' lang='lat' dir='ltr'>latum</span> <span class='ocrx_word' id='word_1_151' title='bbox 1689 1975 1928 2078; x_wconf 79' lang='lat' dir='ltr'>auscepimus,</span> 
     </span>
     <span class='ocr_line' id='line_1_15' title="bbox 241 2077 1927 2268; baseline -0.006 1"><span class='ocrx_word' id='word_1_152' title='bbox 241 2077 1525 2268; x_wconf 56' lang='lat' dir='ltr'>ti,tttibitibi”tdttbtbbt‘ibiibibib</span> <span class='ocrx_word' id='word_1_153' title='bbox 1542 2087 1719 2258; x_wconf 63' lang='lat' dir='ltr'>‘idi&#39;</span> <span class='ocrx_word' id='word_1_154' title='bbox 1735 2077 1927 2260; x_wconf 68' lang='lat' dir='ltr'>tbtb</span> 
     </span>
     <span class='ocr_line' id='line_1_16' title="bbox 210 2269 1927 2392; baseline -0.003 -22"><span class='ocrx_word' id='word_1_155' title='bbox 210 2315 213 2324; x_wconf 85' lang='grc'><strong>’</strong></span> <span class='ocrx_word' id='word_1_156' title='bbox 241 2294 404 2370; x_wconf 86' lang='lat' dir='ltr'>ioniam</span> <span class='ocrx_word' id='word_1_157' title='bbox 430 2269 530 2368; x_wconf 78' lang='lat' dir='ltr'>missi</span> <span class='ocrx_word' id='word_1_158' title='bbox 556 2315 606 2368; x_wconf 85' lang='lat' dir='ltr'>ex</span> <span class='ocrx_word' id='word_1_159' title='bbox 632 2301 734 2392; x_wconf 90' lang='lat' dir='ltr'>parte</span> <span class='ocrx_word' id='word_1_160' title='bbox 760 2286 851 2365; x_wconf 92' lang='lat' dir='ltr'>dom.</span> <span class='ocrx_word' id='word_1_161' title='bbox 878 2287 992 2388; x_wconf 82' lang='lat' dir='ltr'>legati</span> <span class='ocrx_word' id='word_1_162' title='bbox 1018 2299 1055 2365; x_wconf 89' lang='lat' dir='ltr'>et</span> <span class='ocrx_word' id='word_1_163' title='bbox 1081 2285 1129 2366; x_wconf 90' lang='lat' dir='ltr'>de</span> <span class='ocrx_word' id='word_1_164' title='bbox 1154 2288 1333 2364; x_wconf 88' lang='lat' dir='ltr'>mandatis</span> <span class='ocrx_word' id='word_1_165' title='bbox 1360 2283 1526 2386; x_wconf 84' lang='lat' dir='ltr'>ejusdem</span> <span class='ocrx_word' id='word_1_166' title='bbox 1551 2285 1677 2386; x_wconf 83' lang='lat' dir='ltr'>legati,</span> <span class='ocrx_word' id='word_1_167' title='bbox 1703 2288 1816 2364; x_wconf 90' lang='lat' dir='ltr'>nostri</span> <span class='ocrx_word' id='word_1_168' title='bbox 1841 2311 1927 2390; x_wconf 90' lang='lat' dir='ltr'>pro-</span> 
     </span>
     <span class='ocr_line' id='line_1_17' title="bbox 243 2391 999 2498; baseline -0.013 -23"><span class='ocrx_word' id='word_1_169' title='bbox 243 2407 429 2475; x_wconf 88' lang='lat' dir='ltr'>curatores</span> <span class='ocrx_word' id='word_1_170' title='bbox 454 2419 522 2472; x_wconf 87' lang='lat' dir='ltr'>ros</span> <span class='ocrx_word' id='word_1_171' title='bbox 548 2394 688 2498; x_wconf 84' lang='lat' dir='ltr'>plenius</span> <span class='ocrx_word' id='word_1_172' title='bbox 713 2391 948 2470; x_wconf 81' lang='lat' dir='ltr'>informabunt</span> <span class='ocrx_word' id='word_1_173' title='bbox 962 2391 999 2480; x_wconf 92' lang='lat'>¹).</span> 
     </span>
    </p>
   </div>
   <div class='ocr_carea' id='block_1_3' title="bbox 230 2799 2108 4152">
    <p class='ocr_par' dir='ltr' id='par_1_3' title="bbox 230 2799 2108 4152">
     <span class='ocr_line' id='line_1_18' title="bbox 342 2799 2098 2908; baseline -0.005 -24"><span class='ocrx_word' id='word_1_174' title='bbox 342 2809 463 2885; x_wconf 71' lang='lat' dir='ltr'>Fratri</span> <span class='ocrx_word' id='word_1_175' title='bbox 487 2807 719 2908; x_wconf 85' lang='lat' dir='ltr'>Boguslao</span> <span class='ocrx_word' id='word_1_176' title='bbox 744 2803 1001 2908; x_wconf 85' lang='lat' dir='ltr'>penitenciario</span> <span class='ocrx_word' id='word_1_177' title='bbox 1027 2799 1120 2878; x_wconf 90' lang='lat' dir='ltr'>dom.</span> <span class='ocrx_word' id='word_1_178' title='bbox 1148 2827 1258 2902; x_wconf 89' lang='lat' dir='ltr'>pape.</span> <span class='ocrx_word' id='word_1_179' title='bbox 2097 2873 2098 2876; x_wconf 74' lang='grc'>,</span> 
     </span>
     <span class='ocr_line' id='line_1_19' title="bbox 342 2903 2108 3003; baseline -0.003 -14"><span class='ocrx_word' id='word_1_180' title='bbox 342 2911 623 2990; x_wconf 75' lang='lat' dir='ltr'>subversionem</span> <span class='ocrx_word' id='word_1_181' title='bbox 648 2909 811 2988; x_wconf 88' lang='lat' dir='ltr'>ecclesie</span> <span class='ocrx_word' id='word_1_182' title='bbox 838 2917 959 2984; x_wconf 88' lang='lat' dir='ltr'>nostre</span> <span class='ocrx_word' id='word_1_183' title='bbox 981 2916 1019 2984; x_wconf 87' lang='lat' dir='ltr'>ot</span> <span class='ocrx_word' id='word_1_184' title='bbox 1034 2905 1276 2982; x_wconf 88' lang='lat' dir='ltr'>torbacionem</span> <span class='ocrx_word' id='word_1_185' title='bbox 1292 2903 1640 3003; x_wconf 79' lang='lat' dir='ltr'>religiosissimorum</span> <span class='ocrx_word' id='word_1_186' title='bbox 1657 2907 1819 3000; x_wconf 87' lang='lat' dir='ltr'>vironrm,</span> <span class='ocrx_word' id='word_1_187' title='bbox 1846 2905 1923 2982; x_wconf 58' lang='lat' dir='ltr'>iren</span> <span class='ocrx_word' id='word_1_188' title='bbox 1940 2927 2108 2986; x_wconf 74' lang='lat' dir='ltr'>coxam</span> 
     </span>
     <span class='ocr_line' id='line_1_20' title="bbox 240 3001 2057 3109; baseline -0.004 -18"><span class='ocrx_word' id='word_1_189' title='bbox 240 3028 329 3091; x_wconf 89' lang='lat' dir='ltr'>trum</span> <span class='ocrx_word' id='word_1_190' title='bbox 361 3028 570 3108; x_wconf 82' lang='lat' dir='ltr'>uestrorum,</span> <span class='ocrx_word' id='word_1_191' title='bbox 606 3002 655 3090; x_wconf 89' lang='lat' dir='ltr'>de</span> <span class='ocrx_word' id='word_1_192' title='bbox 688 3025 864 3090; x_wconf 87' lang='lat' dir='ltr'>conventu</span> <span class='ocrx_word' id='word_1_193' title='bbox 890 3009 1292 3101; x_wconf 84' lang='lat' dir='ltr'>Wratinlauiensi,</span> <span class='ocrx_word' id='word_1_194' title='bbox 1331 3032 1434 3107; x_wconf 90' lang='lat' dir='ltr'>quam</span> <span class='ocrx_word' id='word_1_195' title='bbox 1468 3032 1518 3083; x_wconf 84' lang='lat' dir='ltr'>ex</span> <span class='ocrx_word' id='word_1_196' title='bbox 1550 3021 1654 3109; x_wconf 90' lang='lat' dir='ltr'>parte</span> <span class='ocrx_word' id='word_1_197' title='bbox 1687 3007 1781 3084; x_wconf 88' lang='lat' dir='ltr'>dom.</span> <span class='ocrx_word' id='word_1_198' title='bbox 1816 3007 1922 3086; x_wconf 86' lang='lat' dir='ltr'>ducis</span> <span class='ocrx_word' id='word_1_199' title='bbox 1980 3001 2057 3083; x_wconf 72' lang='lat'>¹²⁸⁷,</span> 
     </span>
     <span class='ocr_line' id='line_1_21' title="bbox 242 3083 2091 3220; baseline -0.003 -26"><span class='ocrx_word' id='word_1_200' title='bbox 242 3119 442 3213; x_wconf 85' lang='lat' dir='ltr'>flenrici,</span> <span class='ocrx_word' id='word_1_201' title='bbox 474 3143 539 3220; x_wconf 94' lang='lat' dir='ltr'>pro</span> <span class='ocrx_word' id='word_1_202' title='bbox 572 3141 617 3194; x_wconf 94' lang='lat' dir='ltr'>eo</span> <span class='ocrx_word' id='word_1_203' title='bbox 643 3113 738 3218; x_wconf 89' lang='lat' dir='ltr'>quod</span> <span class='ocrx_word' id='word_1_204' title='bbox 763 3117 958 3192; x_wconf 72' lang='lat' dir='ltr'>observant</span> <span class='ocrx_word' id='word_1_205' title='bbox 988 3114 1025 3188; x_wconf 93' lang='lat' dir='ltr'>in</span> <span class='ocrx_word' id='word_1_206' title='bbox 1051 3108 1202 3189; x_wconf 88' lang='lat' dir='ltr'>eundem</span> <span class='ocrx_word' id='word_1_207' title='bbox 1233 3121 1377 3188; x_wconf 88' lang='lat' dir='ltr'>nostras</span> <span class='ocrx_word' id='word_1_208' title='bbox 1401 3109 1498 3186; x_wconf 87' lang='lat' dir='ltr'>latos</span> <span class='ocrx_word' id='word_1_209' title='bbox 1524 3112 1733 3188; x_wconf 85' lang='lat' dir='ltr'>sentencias</span> <span class='ocrx_word' id='word_1_210' title='bbox 1763 3109 1924 3188; x_wconf 88' lang='lat' dir='ltr'>indebite</span> <span class='ocrx_word' id='word_1_211' title='bbox 1957 3083 1997 3146; x_wconf 55' lang='lat'>‘4</span> <span class='ocrx_word' id='word_1_212' title='bbox 2014 3087 2091 3188; x_wconf 60' lang='lat'>¹⁹²¹</span> 
     </span>
     <span class='ocr_line' id='line_1_22' title="bbox 242 3211 1923 3324; baseline -0.002 -29"><span class='ocrx_word' id='word_1_213' title='bbox 242 3222 428 3324; x_wconf 82' lang='lat' dir='ltr'>paciuntur</span> <span class='ocrx_word' id='word_1_214' title='bbox 452 3234 489 3298; x_wconf 91' lang='lat' dir='ltr'>et</span> <span class='ocrx_word' id='word_1_215' title='bbox 515 3219 653 3322; x_wconf 91' lang='lat' dir='ltr'>quidam</span> <span class='ocrx_word' id='word_1_216' title='bbox 679 3243 729 3296; x_wconf 85' lang='lat' dir='ltr'>ex</span> <span class='ocrx_word' id='word_1_217' title='bbox 753 3219 845 3322; x_wconf 85' lang='lat' dir='ltr'>ipsis</span> <span class='ocrx_word' id='word_1_218' title='bbox 870 3216 1038 3293; x_wconf 82' lang='lat' dir='ltr'>iratribus</span> <span class='ocrx_word' id='word_1_219' title='bbox 1064 3217 1232 3318; x_wconf 85' lang='lat' dir='ltr'>pociores</span> <span class='ocrx_word' id='word_1_220' title='bbox 1257 3214 1434 3291; x_wconf 87' lang='lat' dir='ltr'>sustinent</span> <span class='ocrx_word' id='word_1_221' title='bbox 1459 3213 1620 3306; x_wconf 85' lang='lat' dir='ltr'>exilium,</span> <span class='ocrx_word' id='word_1_222' title='bbox 1647 3213 1697 3290; x_wconf 87' lang='lat' dir='ltr'>ad</span> <span class='ocrx_word' id='word_1_223' title='bbox 1721 3238 1789 3290; x_wconf 83' lang='lat' dir='ltr'>voa</span> <span class='ocrx_word' id='word_1_224' title='bbox 1815 3211 1923 3292; x_wconf 81' lang='lat' dir='ltr'>defe-</span> 
     </span>
     <span class='ocr_line' id='line_1_23' title="bbox 242 3317 1922 3425; baseline -0.004 -23"><span class='ocrx_word' id='word_1_225' title='bbox 242 3326 349 3402; x_wconf 91' lang='lat' dir='ltr'>rimus</span> <span class='ocrx_word' id='word_1_226' title='bbox 376 3349 455 3400; x_wconf 91' lang='lat' dir='ltr'>cum</span> <span class='ocrx_word' id='word_1_227' title='bbox 481 3325 639 3425; x_wconf 88' lang='lat' dir='ltr'>querela.</span> <span class='ocrx_word' id='word_1_228' title='bbox 692 3323 806 3416; x_wconf 82' lang='lat' dir='ltr'>Quas,</span> <span class='ocrx_word' id='word_1_229' title='bbox 834 3320 1103 3398; x_wconf 84' lang='lat' dir='ltr'>subversionem</span> <span class='ocrx_word' id='word_1_230' title='bbox 1128 3331 1283 3396; x_wconf 86' lang='lat' dir='ltr'>nostram</span> <span class='ocrx_word' id='word_1_231' title='bbox 1310 3329 1348 3395; x_wconf 88' lang='lat' dir='ltr'>et</span> <span class='ocrx_word' id='word_1_232' title='bbox 1372 3318 1667 3418; x_wconf 85' lang='lat' dir='ltr'>persecucionem</span> <span class='ocrx_word' id='word_1_233' title='bbox 1693 3317 1838 3394; x_wconf 74' lang='lat' dir='ltr'>numm</span> <span class='ocrx_word' id='word_1_234' title='bbox 1854 3343 1922 3396; x_wconf 83' lang='lat' dir='ltr'>ue·</span> 
     </span>
     <span class='ocr_line' id='line_1_24' title="bbox 242 3421 1923 3528; baseline -0.002 -24"><span class='ocrx_word' id='word_1_235' title='bbox 242 3439 403 3520; x_wconf 83' lang='lat' dir='ltr'>atrorum,</span> <span class='ocrx_word' id='word_1_236' title='bbox 430 3425 506 3503; x_wconf 88' lang='lat' dir='ltr'>dux</span> <span class='ocrx_word' id='word_1_237' title='bbox 529 3429 612 3528; x_wconf 92' lang='lat' dir='ltr'>ipse</span> <span class='ocrx_word' id='word_1_238' title='bbox 635 3426 795 3504; x_wconf 88' lang='lat' dir='ltr'>sortasse</span> <span class='ocrx_word' id='word_1_239' title='bbox 820 3437 891 3502; x_wconf 89' lang='lat' dir='ltr'>tam</span> <span class='ocrx_word' id='word_1_240' title='bbox 918 3447 1053 3526; x_wconf 82' lang='lat' dir='ltr'>graues</span> <span class='ocrx_word' id='word_1_241' title='bbox 1078 3423 1280 3500; x_wconf 90' lang='lat' dir='ltr'>nullatenus</span> <span class='ocrx_word' id='word_1_242' title='bbox 1306 3421 1520 3522; x_wconf 79' lang='lat' dir='ltr'>cogitasset,</span> <span class='ocrx_word' id='word_1_243' title='bbox 1547 3421 1581 3498; x_wconf 85' lang='lat' dir='ltr'>si</span> <span class='ocrx_word' id='word_1_244' title='bbox 1605 3421 1739 3500; x_wconf 87' lang='lat' dir='ltr'>fratres</span> <span class='ocrx_word' id='word_1_245' title='bbox 1761 3423 1923 3500; x_wconf 85' lang='lat' dir='ltr'>Minores</span> 
     </span>
     <span class='ocr_line' id='line_1_25' title="bbox 242 3526 2063 3627; baseline -0.003 -19"><span class='ocrx_word' id='word_1_246' title='bbox 242 3530 293 3609; x_wconf 90' lang='lat' dir='ltr'>de</span> <span class='ocrx_word' id='word_1_247' title='bbox 319 3529 494 3608; x_wconf 80' lang='lat' dir='ltr'>conventu</span> <span class='ocrx_word' id='word_1_248' title='bbox 521 3533 676 3623; x_wconf 71' lang='lat' dir='ltr'>Wrat,</span> <span class='ocrx_word' id='word_1_249' title='bbox 705 3555 772 3606; x_wconf 93' lang='lat' dir='ltr'>non</span> <span class='ocrx_word' id='word_1_250' title='bbox 800 3541 990 3608; x_wconf 85' lang='lat' dir='ltr'>servantes</span> <span class='ocrx_word' id='word_1_251' title='bbox 1017 3539 1160 3604; x_wconf 77' lang='lat' dir='ltr'>nosnos</span> <span class='ocrx_word' id='word_1_252' title='bbox 1186 3527 1413 3618; x_wconf 70' lang='lat' dir='ltr'>sentencias,</span> <span class='ocrx_word' id='word_1_253' title='bbox 1447 3526 1483 3618; x_wconf 85' lang='lat' dir='ltr'>in</span> <span class='ocrx_word' id='word_1_254' title='bbox 1510 3535 1744 3627; x_wconf 88' lang='lat' dir='ltr'>contemptum</span> <span class='ocrx_word' id='word_1_255' title='bbox 1770 3527 1923 3605; x_wconf 83' lang='lat' dir='ltr'>clarium</span> <span class='ocrx_word' id='word_1_256' title='bbox 2061 3549 2063 3554; x_wconf 80' lang='grc'><strong>’</strong></span> 
     </span>
     <span class='ocr_line' id='line_1_26' title="bbox 230 3631 1921 3734; baseline -0.005 -20"><span class='ocrx_word' id='word_1_257' title='bbox 230 3631 405 3714; x_wconf 69' lang='lat' dir='ltr'>&#39;ecclesie</span> <span class='ocrx_word' id='word_1_258' title='bbox 431 3647 469 3715; x_wconf 90' lang='lat' dir='ltr'>et</span> <span class='ocrx_word' id='word_1_259' title='bbox 491 3635 527 3711; x_wconf 90' lang='lat' dir='ltr'>in</span> <span class='ocrx_word' id='word_1_260' title='bbox 553 3632 830 3734; x_wconf 82' lang='lat' dir='ltr'>derogooionem</span> <span class='ocrx_word' id='word_1_261' title='bbox 849 3633 944 3732; x_wconf 87' lang='lat' dir='ltr'>juris</span> <span class='ocrx_word' id='word_1_262' title='bbox 971 3631 1217 3710; x_wconf 86' lang='lat' dir='ltr'>ecclesiastici</span> <span class='ocrx_word' id='word_1_263' title='bbox 1241 3632 1356 3733; x_wconf 82' lang='lat' dir='ltr'>ipsum</span> <span class='ocrx_word' id='word_1_264' title='bbox 1380 3631 1415 3706; x_wconf 93' lang='lat' dir='ltr'>in</span> <span class='ocrx_word' id='word_1_265' title='bbox 1442 3653 1563 3706; x_wconf 86' lang='lat' dir='ltr'>errore</span> <span class='ocrx_word' id='word_1_266' title='bbox 1589 3645 1657 3706; x_wconf 87' lang='lat' dir='ltr'>suo</span> <span class='ocrx_word' id='word_1_267' title='bbox 1681 3631 1805 3732; x_wconf 82' lang='lat' dir='ltr'>prauis</span> <span class='ocrx_word' id='word_1_268' title='bbox 1831 3655 1921 3732; x_wconf 82' lang='lat' dir='ltr'>aug·</span> 
     </span>
     <span class='ocr_line' id='line_1_27' title="bbox 241 3731 1921 3841; baseline -0.005 -23"><span class='ocrx_word' id='word_1_269' title='bbox 241 3739 466 3841; x_wconf 81' lang='lat' dir='ltr'>gestionibus</span> <span class='ocrx_word' id='word_1_270' title='bbox 491 3764 559 3815; x_wconf 91' lang='lat' dir='ltr'>non</span> <span class='ocrx_word' id='word_1_271' title='bbox 585 3737 760 3814; x_wconf 83' lang='lat' dir='ltr'>soverent.</span> <span class='ocrx_word' id='word_1_272' title='bbox 819 3735 925 3815; x_wconf 86' lang='lat' dir='ltr'>Unde</span> <span class='ocrx_word' id='word_1_273' title='bbox 958 3761 1044 3826; x_wconf 84' lang='lat' dir='ltr'>nos,</span> <span class='ocrx_word' id='word_1_274' title='bbox 1077 3745 1248 3836; x_wconf 84' lang='lat' dir='ltr'>gerentes</span> <span class='ocrx_word' id='word_1_275' title='bbox 1273 3732 1440 3812; x_wconf 81' lang='lat' dir='ltr'>fiduciam</span> <span class='ocrx_word' id='word_1_276' title='bbox 1466 3731 1515 3810; x_wconf 92' lang='lat' dir='ltr'>de</span> <span class='ocrx_word' id='word_1_277' title='bbox 1540 3733 1759 3834; x_wconf 85' lang='lat' dir='ltr'>benignitate</span> <span class='ocrx_word' id='word_1_278' title='bbox 1784 3745 1921 3826; x_wconf 86' lang='lat' dir='ltr'>vestra,</span> 
     </span>
     <span class='ocr_line' id='line_1_28' title="bbox 266 3835 1922 3942; baseline -0.004 -22"><span class='ocrx_word' id='word_1_279' title='bbox 266 3843 402 3920; x_wconf 90' lang='lat' dir='ltr'>resenti</span> <span class='ocrx_word' id='word_1_280' title='bbox 426 3867 495 3918; x_wconf 84' lang='lat' dir='ltr'>vos</span> <span class='ocrx_word' id='word_1_281' title='bbox 521 3865 700 3941; x_wconf 82' lang='lat' dir='ltr'>rogamus,</span> <span class='ocrx_word' id='word_1_282' title='bbox 734 3853 909 3942; x_wconf 89' lang='lat' dir='ltr'>quatenos</span> <span class='ocrx_word' id='word_1_283' title='bbox 936 3840 1106 3917; x_wconf 89' lang='lat' dir='ltr'>communi</span> <span class='ocrx_word' id='word_1_284' title='bbox 1138 3841 1258 3916; x_wconf 91' lang='lat' dir='ltr'>morbo</span> <span class='ocrx_word' id='word_1_285' title='bbox 1283 3837 1468 3916; x_wconf 81' lang='lat' dir='ltr'>infestanti</span> <span class='ocrx_word' id='word_1_286' title='bbox 1493 3861 1559 3912; x_wconf 91' lang='lat' dir='ltr'>nos</span> <span class='ocrx_word' id='word_1_287' title='bbox 1586 3847 1623 3913; x_wconf 92' lang='lat' dir='ltr'>et</span> <span class='ocrx_word' id='word_1_288' title='bbox 1649 3835 1783 3915; x_wconf 78' lang='lat' dir='ltr'>ordinis</span> <span class='ocrx_word' id='word_1_289' title='bbox 1808 3838 1922 3916; x_wconf 82' lang='lat' dir='ltr'>vestri</span> 
     </span>
     <span class='ocr_line' id='line_1_29' title="bbox 297 3937 1921 4040; baseline -0.003 -17"><span class='ocrx_word' id='word_1_290' title='bbox 297 3957 374 4024; x_wconf 85' lang='lat' dir='ltr'>tres</span> <span class='ocrx_word' id='word_1_291' title='bbox 406 3946 513 4024; x_wconf 86' lang='lat' dir='ltr'>talem</span> <span class='ocrx_word' id='word_1_292' title='bbox 546 3943 742 4023; x_wconf 85' lang='lat' dir='ltr'>secondum</span> <span class='ocrx_word' id='word_1_293' title='bbox 774 3942 1033 4022; x_wconf 87' lang='lat' dir='ltr'>discrecionem</span> <span class='ocrx_word' id='word_1_294' title='bbox 1067 3968 1091 4018; x_wconf 81' lang='lat' dir='ltr'>a</span> <span class='ocrx_word' id='word_1_295' title='bbox 1123 3941 1195 4019; x_wconf 92' lang='lat' dir='ltr'>deo</span> <span class='ocrx_word' id='word_1_296' title='bbox 1227 3943 1331 4018; x_wconf 84' lang='lat' dir='ltr'>uobis</span> <span class='ocrx_word' id='word_1_297' title='bbox 1363 3937 1484 4016; x_wconf 83' lang='lat' dir='ltr'>datam</span> <span class='ocrx_word' id='word_1_298' title='bbox 1520 3937 1694 4018; x_wconf 86' lang='lat' dir='ltr'>adbibere</span> <span class='ocrx_word' id='word_1_299' title='bbox 1732 3937 1921 4040; x_wconf 87' lang='lat' dir='ltr'>dignemini</span> 
     </span>
     <span class='ocr_line' id='line_1_30' title="bbox 244 4041 1922 4152; baseline -0.002 -27"><span class='ocrx_word' id='word_1_300' title='bbox 244 4048 463 4143; x_wconf 88' lang='lat' dir='ltr'>medicinam,</span> <span class='ocrx_word' id='word_1_301' title='bbox 490 4075 556 4152; x_wconf 89' lang='lat' dir='ltr'>per</span> <span class='ocrx_word' id='word_1_302' title='bbox 581 4073 683 4150; x_wconf 87' lang='lat' dir='ltr'>quom</span> <span class='ocrx_word' id='word_1_303' title='bbox 709 4049 791 4150; x_wconf 89' lang='lat' dir='ltr'>ipse</span> <span class='ocrx_word' id='word_1_304' title='bbox 817 4047 892 4123; x_wconf 83' lang='lat' dir='ltr'>dux</span> <span class='ocrx_word' id='word_1_305' title='bbox 917 4061 954 4125; x_wconf 92' lang='lat' dir='ltr'>et</span> <span class='ocrx_word' id='word_1_306' title='bbox 978 4044 1132 4149; x_wconf 85' lang='lat' dir='ltr'>predicti</span> <span class='ocrx_word' id='word_1_307' title='bbox 1158 4046 1290 4124; x_wconf 84' lang='lat' dir='ltr'>iratres</span> <span class='ocrx_word' id='word_1_308' title='bbox 1315 4043 1476 4120; x_wconf 87' lang='lat' dir='ltr'>Minores</span> <span class='ocrx_word' id='word_1_309' title='bbox 1502 4041 1550 4120; x_wconf 91' lang='lat' dir='ltr'>de</span> <span class='ocrx_word' id='word_1_310' title='bbox 1576 4043 1661 4120; x_wconf 82' lang='lat' dir='ltr'>fletu</span> <span class='ocrx_word' id='word_1_311' title='bbox 1687 4067 1757 4120; x_wconf 91' lang='lat' dir='ltr'>non</span> <span class='ocrx_word' id='word_1_312' title='bbox 1781 4041 1922 4122; x_wconf 85' lang='lat' dir='ltr'>rideant</span> 
     </span>
    </p>
   </div>
   <div class='ocr_carea' id='block_1_4' title="bbox 245 4153 399 4228">
    <p class='ocr_par' dir='ltr' id='par_1_4' title="bbox 245 4153 399 4228">
     <span class='ocr_line' id='line_1_31' title="bbox 245 4153 399 4228; baseline 0.013 -2"><span class='ocrx_word' id='word_1_313' title='bbox 245 4153 399 4228; x_wconf 81' lang='lat' dir='ltr'>aliorum.</span> 
     </span>
    </p>
   </div>
   <div class='ocr_carea' id='block_1_5' title="bbox 881 4363 1282 4376">
    <p class='ocr_par' dir='ltr' id='par_1_5' title="bbox 881 4363 1282 4376">
     <span class='ocr_line' id='line_1_32' title="bbox 881 4363 1282 4376; baseline -0.005 0"><span class='ocrx_word' id='word_1_314' title='bbox 881 4363 1282 4376; x_wconf 57' lang='lat' dir='ltr'>unm</span> 
     </span>
    </p>
   </div>
   <div class='ocr_carea' id='block_1_6' title="bbox 349 4555 2113 4662">
    <p class='ocr_par' dir='ltr' id='par_1_6' title="bbox 349 4555 2113 4662">
     <span class='ocr_line' id='line_1_33' title="bbox 349 4555 2113 4662; baseline -0.001 -28"><span class='ocrx_word' id='word_1_315' title='bbox 349 4559 449 4652; x_wconf 88' lang='lat' dir='ltr'>item,</span> <span class='ocrx_word' id='word_1_316' title='bbox 474 4560 593 4638; x_wconf 80' lang='lat' dir='ltr'>littera</span> <span class='ocrx_word' id='word_1_317' title='bbox 617 4558 824 4640; x_wconf 84' lang='lat' dir='ltr'>securitatis</span> <span class='ocrx_word' id='word_1_318' title='bbox 856 4559 943 4638; x_wconf 88' lang='lat' dir='ltr'>date</span> <span class='ocrx_word' id='word_1_319' title='bbox 968 4583 1033 4662; x_wconf 88' lang='lat' dir='ltr'>per</span> <span class='ocrx_word' id='word_1_320' title='bbox 1058 4557 1185 4637; x_wconf 91' lang='lat' dir='ltr'>ducem</span> <span class='ocrx_word' id='word_1_321' title='bbox 1206 4557 1638 4636; x_wconf 80' lang='lat' dir='ltr'>Wratizlauiensem</span> <span class='ocrx_word' id='word_1_322' title='bbox 1671 4555 1812 4638; x_wconf 75' lang='lat' dir='ltr'>domiuo</span> <span class='ocrx_word' id='word_1_323' title='bbox 1837 4559 1917 4660; x_wconf 90' lang='lat' dir='ltr'>epi·</span> <span class='ocrx_word' id='word_1_324' title='bbox 1934 4563 2113 4620; x_wconf 68' lang='lat' dir='ltr'>cemim-</span> 
     </span>
    </p>
   </div>
   <div class='ocr_carea' id='block_1_7' title="bbox 247 4647 2079 4788">
    <p class='ocr_par' dir='ltr' id='par_1_7' title="bbox 247 4647 2079 4788">
     <span class='ocr_line' id='line_1_34' title="bbox 247 4647 2079 4788; baseline -0.011 -46"><span class='ocrx_word' id='word_1_325' title='bbox 247 4687 361 4765; x_wconf 82' lang='lat' dir='ltr'>scopo</span> <span class='ocrx_word' id='word_1_326' title='bbox 387 4673 425 4741; x_wconf 91' lang='lat' dir='ltr'>et</span> <span class='ocrx_word' id='word_1_327' title='bbox 448 4665 643 4758; x_wconf 86' lang='lat' dir='ltr'>canonicis,</span> <span class='ocrx_word' id='word_1_328' title='bbox 669 4667 706 4741; x_wconf 90' lang='lat' dir='ltr'>in</span> <span class='ocrx_word' id='word_1_329' title='bbox 728 4663 840 4768; x_wconf 90' lang='lat' dir='ltr'>0pol</span> <span class='ocrx_word' id='word_1_330' title='bbox 865 4661 1031 4742; x_wconf 88' lang='lat' dir='ltr'>veniendi</span> <span class='ocrx_word' id='word_1_331' title='bbox 1054 4664 1090 4740; x_wconf 90' lang='lat' dir='ltr'>in</span> <span class='ocrx_word' id='word_1_332' title='bbox 1117 4663 1273 4788; x_wconf 76' lang='lat' dir='ltr'>crasbuo</span> <span class='ocrx_word' id='word_1_333' title='bbox 1299 4662 1515 4738; x_wconf 83' lang='lat' dir='ltr'>Palmarum:</span> <span class='ocrx_word' id='word_1_334' title='bbox 1950 4647 2079 4774; x_wconf 35' lang='lat' dir='ltr'>offla</span> 
     </span>
    </p>
   </div>
   <div class='ocr_carea' id='block_1_8' title="bbox 257 4925 1873 5152">
    <p class='ocr_par' dir='ltr' id='par_1_8' title="bbox 257 4925 1897 5152">
     <span class='ocr_line' id='line_1_35' title="bbox 257 4925 1873 5152; baseline 0.002 -102"><span class='ocrx_word' id='word_1_335' title='bbox 257 4933 261 4952; x_wconf 84' lang='lat'><strong>·</strong></span> <span class='ocrx_word' id='word_1_336' title='bbox 289 4992 321 5068; x_wconf 87' lang='lat'>1)</span> <span class='ocrx_word' id='word_1_337' title='bbox 349 4985 415 5052; x_wconf 81' lang='lat' dir='ltr'>Dua</span> <span class='ocrx_word' id='word_1_338' title='bbox 436 4985 554 5052; x_wconf 84' lang='lat' dir='ltr'>Datum</span> <span class='ocrx_word' id='word_1_339' title='bbox 576 4988 674 5054; x_wconf 73' lang='lat' dir='ltr'>dieser</span> <span class='ocrx_word' id='word_1_340' title='bbox 694 4989 761 5054; x_wconf 82' lang='lat' dir='ltr'>und</span> <span class='ocrx_word' id='word_1_341' title='bbox 783 4989 840 5056; x_wconf 82' lang='lat' dir='ltr'>der</span> <span class='ocrx_word' id='word_1_342' title='bbox 860 4987 1030 5082; x_wconf 81' lang='lat' dir='ltr'>foigenden</span> <span class='ocrx_word' id='word_1_343' title='bbox 1051 4987 1224 5055; x_wconf 80' lang='lat' dir='ltr'>Schreibeu</span> <span class='ocrx_word' id='word_1_344' title='bbox 1246 5009 1329 5052; x_wconf 81' lang='lat' dir='ltr'>muas</span> <span class='ocrx_word' id='word_1_345' title='bbox 1349 4986 1379 5052; x_wconf 92' lang='grc'>4.</span> <span class='ocrx_word' id='word_1_346' title='bbox 1401 4985 1467 5052; x_wconf 77' lang='lat' dir='ltr'>otu</span> <span class='ocrx_word' id='word_1_347' title='bbox 1488 5007 1574 5076; x_wconf 80' lang='lat' dir='ltr'>aeyn,</span> <span class='ocrx_word' id='word_1_348' title='bbox 1596 4982 1734 5152; x_wconf 54' lang='lat' dir='ltr'>eappan</span> <span class='ocrx_word' id='word_1_349' title='bbox 1748 4925 1787 5048; x_wconf 58' lang='lat' dir='ltr'>S,</span> <span class='ocrx_word' id='word_1_350' title='bbox 1800 4980 1873 5050; x_wconf 95' lang='grc'>234</span> 
     </span>
    </p>
   </div>
   <div class='ocr_carea' id='block_1_9' title="bbox 0 0 2316 5771">
    <p class='ocr_par' dir='ltr' id='par_1_9' title="bbox 0 0 2316 5771">
     <span class='ocr_line' id='line_1_36' title="bbox 0 0 2316 5771; baseline 0 0"><span class='ocrx_word' id='word_1_351' title='bbox 0 0 2316 5771; x_wconf 95' lang='lat' dir='ltr'> </span> 
     </span>
    </p>
   </div>
  </div>
 </body>
</html>
