4552 5786
409 511 486 592 352
1044 515 1254 588 vrtmden.
1310 513 1461 588 (XMV.

409 715 503 794 doru.
520 715 747 807 dubanus,
774 715 853 792 olim
879 717 1058 793 Boemie
1083 739 1184 818 roge,
1212 713 1351 792 domino
1378 728 1415 793 et
1439 727 1588 818 manno
1614 728 1749 810 nostro,
1777 673 1924 796 tenebat
1947 717 1984 792 in
2010 717 2092 794 leu-

410 818 510 912 dum,
545 821 660 896 animo
686 819 903 910 deliberato,
937 845 1027 896 sano
1055 820 1171 896 eciam
1195 817 1350 897 fidelium
1375 845 1517 896 snorum
1542 819 1748 899 accedente
1783 821 1952 913 oonsilio,
1988 821 2091 898 nobis

409 939 449 1002 et
474 923 636 1001 ecclesie
663 936 785 1000 nostre
811 923 951 999 Wrat.
979 922 1183 1000 vendiderit
1207 935 1244 1000 et
1269 947 1336 998 nos
1362 935 1400 1000 et
1426 925 1590 1002 ecclesia
1615 937 1740 1002 nostra
1757 925 1899 1000 Wrat.
1926 922 2107 1026 predicta.

275 1017 285 1037 ‘
409 1029 445 1104 in
470 1028 708 1130 possessione
735 1025 822 1106 dicti
848 1025 943 1128 opidi
971 1040 1009 1104 et
1033 1028 1326 1128 pertinentiarum
1351 1027 1466 1128 ipsius
1492 1028 1662 1104 fuerimus
1687 1028 1795 1104 multo
1822 1033 1900 1129 jam
1932 1041 2093 1130 tempore

409 1143 589 1209 retroacto
615 1156 662 1207 ac
687 1129 782 1207 idem
808 1129 948 1232 opidum
976 1143 1013 1208 et
1039 1136 1120 1230 eju·
1145 1131 1386 1232 pertinencias
1412 1155 1437 1206 a
1460 1132 1601 1233 prelato
1627 1131 1720 1208 dom.
1752 1145 1875 1210 nostro
1908 1133 2091 1210 Boemie

409 1259 499 1335 rege
525 1235 624 1312 velut
649 1236 834 1337 superiore
859 1234 959 1312 leudi
986 1233 1126 1310 domino
1151 1236 1185 1310 in
1211 1232 1355 1312 seudum
1381 1244 1419 1310 et
1443 1239 1547 1334 justo
1573 1259 1619 1312 ac
1645 1236 1816 1336 legittimo
1850 1234 1951 1314 leudi
1977 1237 2090 1328 titulo,

404 1343 501 1440 jure,
519 1363 615 1415 more
634 1351 672 1415 et
688 1337 900 1415 condicione
917 1337 1016 1416 leudi
1034 1338 1282 1439 acceperimus
1300 1337 1439 1437 sibique
1455 1339 1713 1440 prestiterimus
1731 1340 1898 1440 homagii,
1916 1337 2092 1417 ohedien-

410 1443 468 1520 cie
494 1454 532 1518 et
556 1440 740 1518 fidelitatis
767 1440 923 1520 debitum
942 1447 1197 1542 juramentum,
1229 1442 1336 1541 igitur
1361 1441 1476 1516 mrimo
1503 1440 1714 1536 deliberato,
1742 1468 1810 1519 uon
1845 1469 1913 1545 per
1936 1467 2090 1520 errorem

409 1557 472 1622 aut
495 1545 710 1648 improvide,
738 1544 808 1622 sed
834 1548 980 1622 omnium
1007 1547 1169 1624 conmuni
1196 1543 1399 1622 accedente
1424 1557 1509 1622 voto
1534 1547 1669 1648 pariter
1693 1557 1731 1624 et
1756 1571 1956 1640 consensu,
1988 1547 2091 1623 nobis

410 1651 455 1726 ob
482 1649 552 1726 hoo
579 1649 712 1750 pluries
737 1650 974 1750 personaliter
999 1651 1033 1724 in
1061 1650 1250 1751 capitulum
1269 1649 1491 1740 convocatis,
1519 1650 1698 1751 prelatum
1711 1648 1852 1752 opidum
1870 1649 2090 1728 Grotlraw

410 1778 488 1830 cum
515 1765 622 1845 terra,
650 1751 825 1842 districtu,
859 1754 1112 1830 municionibus
1139 1764 1177 1828 et
1203 1753 1361 1828 omnibns
1394 1765 1431 1828 et
1457 1754 1609 1850 singulis
1628 1754 1771 1854 juribus
1798 1765 1836 1832 ct
1859 1755 2091 1856 pertinenciis

411 1857 488 1932 suis
522 1869 643 1932 nostro
678 1869 716 1933 et
750 1858 912 1934 ecclesie
937 1857 1077 1932 Wrat.
1109 1857 1247 1933 nomine
1280 1856 1560 1932 aserenissimo
1594 1883 1640 1935 ae
1664 1858 1898 1935 invictissimo
1931 1859 2091 1959 principe

410 1973 448 2038 et
473 1958 625 2052 domino,
652 1959 744 2036 dom.
772 1960 942 2036 Karolo
960 1961 1243 2036 Romanorum
1269 1961 1481 2060 imperatore
1507 1985 1649 2062 semper
1674 1976 1829 2062 angusto
1855 1961 2090 2038 etBoemie

410 2087 498 2164 rege
524 2064 574 2139 ill.
600 2062 693 2138 dom.
727 2076 764 2140 et
788 2079 936 2164 patrono
968 2076 1090 2140 nostro
1116 2065 1284 2164 graciose
1317 2073 1491 2163 tamquam
1523 2065 1707 2142 Boemie
1740 2089 1830 2165 rege
1856 2077 1894 2142 et
1924 2065 2027 2164 regni
2053 2079 2089 2140 et

409 2192 542 2244 corone
577 2169 757 2244 Boemie
789 2165 925 2244 herede
958 2168 1130 2266 legittimo
1162 2168 1196 2242 in
1229 2164 1373 2244 seudum
1406 2191 1452 2243 ac
1483 2169 1560 2244 veri
1592 2179 1630 2246 et
1655 2169 1748 2268 justi
1773 2168 1872 2246 leudi
1898 2169 1999 2244 titulo
2025 2193 2089 2242 su·

409 2272 591 2372 scepimus
617 2272 756 2370 sibique
783 2284 819 2347 et
845 2295 977 2347 corone
1002 2271 1103 2371 regni
1129 2271 1313 2346 Boemie
1339 2271 1555 2371 prestitimus
1580 2283 1683 2373 prout
1707 2273 1786 2348 veri
1812 2271 1961 2362 vasalli,
1988 2297 2087 2362 vero,

409 2372 606 2465 ordinario,
638 2375 811 2475 legittimo
838 2387 875 2450 et
901 2379 1003 2473 justo
1030 2371 1128 2450 leudi
1156 2371 1295 2449 domino
1316 2379 1401 2474 jure
1426 2385 1599 2468 tenentur,
1627 2375 1851 2467 obediencie,
1878 2375 2088 2476 subjeccio-

410 2479 484 2567 nis,
517 2478 674 2578 homagii
700 2490 737 2554 et
760 2476 945 2553 fidelitatis
978 2476 1132 2554 debitum
1166 2489 1203 2553 et
1236 2477 1377 2552 solitum
1403 2482 1649 2577 juramentum.
1709 2480 1948 2556 Promittimus
1974 2478 2088 2555 eciam

408 2582 538 2658 virtute
571 2595 608 2658 et
640 2582 766 2680 vigore
799 2579 964 2681 ejusdem
991 2582 1183 2682 juramenti
1214 2605 1280 2682 per
1308 2606 1375 2657 nos
1407 2581 1648 2684 sollempniter
1681 2593 1719 2658 et
1741 2584 1914 2683 legittime
1946 2583 2085 2682 prestiti

409 2685 603 2786 pronubis
629 2697 666 2760 et
692 2685 969 2762 successoribus
995 2686 1127 2761 nostris
1154 2697 1191 2761 et
1217 2685 1380 2762 ecclesia
1397 2684 1536 2760 Wrat.
1563 2686 1815 2787 imperpetuum
1834 2685 1975 2788 prelato
1992 2684 2081 2760 dom.
2115 2737 2125 2756 .

409 2797 531 2864 nostro
556 2788 755 2889 imperatori
782 2801 956 2888 tamquam
983 2791 1058 2888 regi
1076 2789 1278 2878 Boemie,
1305 2787 1498 2865 heredibus
1517 2801 1553 2865 et
1570 2791 1845 2866 successoribus
1872 2790 1949 2866 suis
1965 2790 2083 2864 lloe-
2157 2820 2162 2827 ·

410 2892 493 2968 mio
518 2893 664 3006 rogihps
691 2903 729 2968 et
756 2891 919 2992 ejusdem
951 2893 1052 2992 regni
1078 2917 1227 2980 corone,
1260 2905 1434 2992 tamquam
1467 2893 1585 2984 reris,
1619 2891 1824 2986 ordinariis,
1860 2892 2085 2984 nabrralihns,

410 2993 638 3072 hereditariis
665 3006 703 3071 et
726 2995 908 3095 legittimis
935 2993 1084 3072 dominis
1109 2995 1252 3085 nostris,
1279 2995 1475 3074 occasione
1502 2993 1672 3072 dictorum
1699 2995 1808 3098 opidi,
1836 3008 1945 3089 terre,
1963 2994 2085 3072 distri·

410 3113 491 3176 ctus
518 3113 556 3176 et
581 3097 723 3175 dominii
749 3099 1100 3176 Grotlrouieusis
1128 3111 1165 3176 et
1188 3097 1482 3200 pertinenciarum
1506 3099 1637 3200 ipsius,
1664 3111 1840 3201 tamquam
1865 3101 1943 3178 veri
1968 3113 2005 3176 et
2029 3099 2086 3175 le-

410 3203 531 3304 gittimi
558 3203 690 3278 vasalli
716 3227 855 3305 parere,
883 3200 1030 3280 obedire
1057 3215 1094 3280 et
1119 3200 1305 3280 intendere
1330 3202 1364 3277 in
1391 3203 1550 3278 omnibus
1576 3203 1801 3304 simpliciter,
1836 3202 1885 3280 ad
1918 3228 1987 3304 que
2018 3227 2093 3298 rra-¹

410 3307 494 3382 salli
527 3305 677 3382 dominis
704 3308 780 3382 uuis
806 3305 1051 3398 hereditariis,
1088 3306 1329 3408 superioribus
1363 3317 1400 3382 et
1433 3306 1613 3406 legittirnis
1645 3306 1797 3407 obligari
1821 3319 2014 3385 noscuntur
2039 3305 2087 3382 de

410 3409 669 3487 consuetudine
696 3411 754 3486 vel
782 3409 952 3511 dejure,
988 3410 1233 3514 promittentes
1258 3409 1502 3486 nichilominus
1527 3411 1656 3486 virtute
1683 3421 1721 3486 et
1744 3413 1871 3510 vigore
1895 3411 2087 3512 juramenti

409 3511 563 3616 predicti
588 3538 651 3614 pro
677 3515 780 3589 nobis
806 3529 843 3592 et
866 3515 1143 3592 successoribus
1169 3513 1317 3606 nostris,
1349 3513 1500 3616 prelatis
1525 3511 1675 3589 dominis
1701 3515 1833 3590 uostris
1864 3527 1903 3590 et
1926 3515 2086 3616 patronis

410 3617 592 3694 Boemie
619 3618 775 3716 regibus,
803 3616 898 3718 quod
924 3618 1245 3718 quocienscumque
1271 3641 1393 3717 regem
1418 3617 1615 3710 Boemie,
1642 3615 1815 3694 dominum
1842 3629 1880 3694 et
1903 3631 2086 3719 patronum

410 3733 576 3813 nostrum,
601 3721 687 3796 nrori
714 3723 913 3822 continget,
948 3719 1042 3820 quod
1069 3731 1151 3796 tunc
1178 3720 1373 3822 episcopus
1405 3721 1561 3816 Wrat.,
1594 3721 1652 3820 qui
1686 3745 1751 3824 pro
1776 3733 1934 3822 tempore
1966 3721 2084 3810 fuerit,

409 3847 584 3901 unacum
618 3825 819 3902 melioribus
845 3825 1006 3926 prelatis,
1034 3823 1195 3902 ecclesie
1221 3825 1360 3902 nomine
1393 3835 1430 3901 et
1454 3825 1537 3902 vice
1564 3825 1641 3899 suis
1668 3837 1705 3902 et
1730 3825 1876 3926 capituli
1902 3822 1950 3900 ad
1977 3849 2083 3903 coro-

410 3927 595 4004 nacionem
628 3928 734 4004 futuri
766 3930 865 4029 regis
899 3926 1080 4006 debebunt
1118 3924 1300 4005 accedere
1334 3938 1372 4003 et
1401 3926 1532 4004 ibidem
1565 3941 1734 4005 coronato
1768 3952 1856 4028 roge
1889 3928 2007 4004 statim
2038 3927 2084 4002 ab

409 4033 490 4133 ipso
517 4031 658 4133 opidum
682 4031 867 4134 prelatum,
894 4045 1022 4124 terras,
1049 4029 1245 4108 districtum
1273 4041 1311 4107 ct
1334 4031 1577 4133 pertinencias
1601 4032 1636 4107 in
1662 4031 1806 4109 sendum
1832 4032 2022 4134 suscipere
2048 4042 2085 4107 et

409 4148 569 4238 ternpore
595 4137 845 4238 suscepcionis
871 4133 1074 4236 hujusmodi
1098 4136 1269 4211 innovare
1295 4139 1529 4236 juramentum
1557 4147 1808 4238 expressatnm
1834 4135 2011 4238 superius,
2038 4159 2084 4210 ac

315 4307 321 4312 .
409 4239 490 4341 ipse
523 4239 735 4342 episcopos,
771 4241 829 4341 qni
863 4265 926 4342 pro
959 4253 1116 4342 tempore
1150 4239 1267 4332 suerit,
1299 4247 1398 4314 uelut
1427 4247 1497 4315 otii
1522 4247 1712 4339 principos
1738 4243 1859 4340 bigot,
1895 4235 2085 4340 capitulum

409 4367 497 4420 vero
522 4345 622 4421 velut
646 4352 782 4419 casalli
808 4344 909 4444 regni
935 4355 972 4420 et
998 4368 1129 4424 corone
1148 4343 1327 4419 Boemie
1354 4343 1470 4419 omnia
1495 4343 1645 4436 lanient,
1673 4366 1742 4442 que
1762 4348 1873 4442 juxta
1896 4341 2085 4444 privilegia

410 4457 449 4524 et
473 4445 753 4526 oonsucmdine·
779 4449 881 4548 regni
914 4459 951 4524 et
975 4471 1108 4524 corone
1132 4446 1330 4540 Boemie,
1364 4448 1484 4538 berna,
1520 4446 1630 4521 talliis
1655 4470 1722 4522 seu
1749 4445 2008 4524 exaccionibus
2036 4467 2082 4520 ac

410 4551 545 4628 ceteris
571 4551 833 4652 gravaminibus
860 4550 1027 4652 exceptis
1060 4548 1110 4625 ad
1140 4575 1230 4650 quas
1263 4562 1395 4651 etque
1427 4575 1496 4626 non
1521 4551 1837 4647 recongnoscimus
1862 4571 1930 4624 nos
1955 4547 2081 4638 teneri,

409 4653 536 4732 lacere
560 4656 770 4734 tenebuntur
793 4655 933 4732 tociens
959 4655 1131 4754 quociens
1154 4655 1189 4729 in
1216 4666 1326 4732 morte
1349 4655 1449 4754 regis
1465 4650 1645 4728 Boenie
1671 4675 1738 4729 sen
1755 4654 1893 4729 Wrat.
1921 4651 2085 4755 episcopi

411 4779 559 4834 casuum
585 4759 814 4836 mutabilitate
839 4769 1014 4860 poscente
1040 4757 1147 4835 lirerit
1171 4768 1386 4858 oportunum.
1440 4754 1670 4832 Prosenciom
1702 4759 1770 4834 suh
1795 4757 1926 4834 nostris
1952 4755 2083 4858 sigillis

411 4861 610 4938 testimonio
640 4862 829 4956 literarum,
862 4872 980 4940 actum
1005 4873 1043 4938 et
1068 4859 1189 4938 datum
1215 4861 1355 4937 Wrat.
1383 4859 1448 4934 ΙΙΙ.
1483 4855 1629 4936 kalend.
1655 4857 1888 4953 Decembris,
1922 4885 1955 4936 a.
1989 4857 2080 4936 dom.

410 4964 594 5042 millesimo
620 4963 725 5047 CCC
751 4966 1040 5068 quinquagesimo
1066 4977 1206 5046 ootaro.
