4634 5762
387 511 461 596 itt
917 513 1127 592 Urticbdem
1183 514 1340 592 CXXX.
1366 516 1546 592 cxxxi.

384 723 479 802 vinis
502 719 637 802 officiis
660 715 799 801 necnon
829 743 855 798 o
877 715 1131 800 celebracione
1160 719 1355 800 divinornm
1380 713 1424 800 'et
1446 721 1650 800 interdictis
1678 722 1772 802 tucis
1796 721 1858 798 vel
1887 721 2074 800 ecelesiis.

382 825 429 908 Si
453 829 513 930 qui
529 853 619 916 roro
644 827 800 932 proprio¹
813 827 942 902 solutis
954 828 1192 920 immemores,
1219 851 1359 904 necnon
1376 827 1554 904 libertatis
1579 853 1625 903 ac
1644 851 1799 903 censure
1817 825 2078 902 ecclesiastice

383 943 667 1036 coemptorem
698 931 795 1007 telos
826 931 1155 1008 excommunicatos
1180 930 1399 1008 denunciare
1423 953 1470 1008 ac
1491 933 1527 1006 in
1553 929 1728 1032 predictis
1754 941 1792 1007 et
1816 930 1917 1027 olis,
1943 931 1980 1005 in
1997 927 2077 1030 ‹pri-

372 1029 454 1114 ¹bus
478 1033 780 1114 excommuniceti-
805 1027 894 1110 s'un't
912 1033 961 1112 de
988 1039 1073 1136 jure
1097 1034 1254 1127 diondi,
1287 1037 1403 1112 uitare
1427 1034 1624 1138 dyabolica
1646 1031 1776 1111 fraude
1800 1034 2079 1136 contempserint

385 1141 447 1219 vel
463 1141 499 1216 in
517 1140 690 1218 ecclesiis
708 1139 840 1214 sivein
858 1139 951 1216 locis
969 1137 1169 1217 interdictis
1187 1139 1376 1216 celebrare
1398 1135 1522 1214 divina
1539 1163 1749 1241 quocunque
1773 1140 1975 1215 temeritate
1990 1161 2078 1240 pre·

384 1245 620 1347 sumpserint,
647 1243 680 1318 si
697 1243 903 1342 singulares
921 1244 1002 1320 sive
1018 1244 1158 1346 private
1174 1269 1331 1345 persone
1349 1244 1479 1320 luerint
1497 1243 1882 1320 excommunicacionis
1899 1243 2080 1318 incurrant

387 1349 609 1426 sentenciam
626 1348 707 1448 ipso
725 1347 843 1440 iacto,
863 1347 896 1422 si
912 1371 1001 1424 vero
1020 1347 1209 1448 collegium
1226 1348 1287 1424 nel
1304 1347 1523 1424 universitas
1542 1348 1803 1426 ecclesiastica
1819 1346 1999 1423 secularis
2016 1357 2079 1421 aut

386 1451 564 1554 regularis
588 1451 713 1541 fuerit,
747 1474 867 1526 eorum
892 1451 1056 1528 ecclesie
1083 1452 1165 1529 sive
1189 1453 1406 1530 monasteria
1436 1453 1517 1554 ipso
1541 1451 1640 1528 iacto
1666 1451 1924 1528 ecclesiastico
1949 1451 2078 1550 subja-

386 1567 496 1636 ceant
512 1553 727 1632 iuterdicto“
743 1556 781 1644 ¹).

480 1660 655 1758 lucujus
670 1658 725 1734 rei
743 1656 968 1734 evidenciam
984 1657 1197 1760 pleniorem,
1224 1658 1347 1759 sigilla
1363 1669 1520 1734 noenum
1546 1681 1593 1734 oc
1611 1659 1915 1758 suffraganeorum
1933 1665 2077 1732 nosno-

386 1787 478 1855 rom,
505 1763 737 1850 dominorum,
766 1762 898 1836 Pauli
916 1760 1269 1858 Oracouiensis,
1295 1763 1515 1840 Jolrounis
1533 1763 1886 1853 posnaniensis,
1913 1759 2078 1836 'l'lronre

387 1867 634 1944 Plocensis
657 1877 697 1942 et
713 1863 887 1941 Wislai
903 1861 1320 1943 Wladislauiensis
1346 1865 1455 1966 dgr.
1482 1867 1731 1970 episcoporum
1755 1865 1984 1967 presentibus
2008 1861 2078 1940 du·

386 1964 957 2153 ximusd'epponlppglaxllxoiup
991 1982 1029 2048 et
1063 1983 1180 2048 ectum
1203 1969 1479 2064 Lonchicie,
1516 1968 1662 2045 XVlll.
1695 1968 1844 2046 kalend.
1876 1967 2077 2060 Februarii,

388 2099 482 2152 anno
525 2099 629 2150 omnm
954 2128 964 2148 .

238 2503 359 2558 cnm.
492 2483 571 2564 Sub
595 2484 669 2560 ista
692 2483 807 2560 iorma
831 2483 969 2586 scripto
991 2485 1057 2560 fuit
1076 2485 1198 2563 littero
1220 2485 1321 2562 fratri
1337 2485 1542 2562 liolando
1568 2484 1616 2563 de
1635 2485 1884 2580 (ismenem,
1912 2481 1982 2563 red
1998 2484 2080 2588 ipse

211 2585 338 2712 „¹²⁸le
362 2589 500 2709 ¹noluit
514 2589 569 2665 ire
586 2587 635 2664 ad
653 2586 798 2680 ducem,
825 2599 910 2665 tuno
927 2586 1090 2665 dominus
1108 2600 1234 2668 cantor
1250 2593 1383 2667 missus
1399 2591 1467 2666 luit
1483 2589 1532 2666 ad
1548 2591 1663 2693 ipsum
1682 2587 1823 2669 ducem.

257 2661 318 2712 ’τ’
335 2673 357 2712 ”
493 2693 622 2816 Nuper
639 2691 744 2768 nobis
760 2717 784 2766 a
799 2691 995 2769 venerabili
1016 2705 1131 2795 patre,
1150 2693 1242 2770 don.
1260 2697 1288 2772 J
1295 2697 1449 2787 acobo,
1469 2692 1505 2769 d.
1525 2719 1578 2794 gr.
1598 2719 1629 2770 s.
1643 2693 1933 2771 Gneznensis
1951 2692 2077 2770 eccle-

390 2797 448 2874 sie
465 2795 639 2898 arolrrep,
665 2793 713 2871 od
731 2793 907 2896 synodum
925 2799 1107 2889 evocatis,
1134 2811 1218 2900 post
1235 2823 1422 2878 recessum
1440 2809 1596 2874 nostrum
1619 2820 1687 2902 per
1703 2797 1938 2876 castellanum
1955 2806 1994 2873 et
2017 2795 2077 2872 lc-

390 2901 519 2978 milionr
537 2899 586 2977 de
603 2897 813 2976 Waldow
838 2900 947 2976 multo
963 2898 1118 3003 dampna
1133 2903 1387 2981 intollerabilis
1404 2915 1442 2980 et
1457 2901 1618 2978 inaudita
1641 2914 1725 2978 suut
1741 2903 1929 2979 enormiter
1943 2923 2077 3002 perpe·

389 3015 495 3082 bata.
541 3005 642 3080 ilem.
666 3003 757 3081 enim
774 3003 1014 3098 Martinus,
1043 3008 1239 3085 canonicus
1256 3019 1390 3102 noster,
1416 3009 1452 3082 in
1470 3005 1635 3084 ecclesia
1651 3031 1719 3083 sna
1736 3007 1772 3082 in
1788 3003 2077 3104 Karlouicn')

390 3133 457 3213 per
478 3107 631 3186 mutem
655 3107 890 3184 castellanum
909 3120 947 3186 et
963 3107 1130 3186 familiam
1148 3122 1223 3187 toto
1247 3109 1308 3188 die
1326 3111 1427 3189 stetit
1441 3112 1619 3202 vallatus,
1647 3135 1717 3187 nec
1741 3111 1843 3186 exire
1868 3107 2078 3212 permissus,

391 3211 511 3290 donec
527 3214 585 3290 eis
602 3210 697 3288 doras
714 3235 857 3290 marcas
874 3213 949 3289 auri
969 3225 1005 3290 et
1022 3237 1093 3290 sex
1111 3239 1254 3292 marcos
1272 3218 1411 3316 argenti
1429 3215 1526 3292 datis
1543 3213 1820 3314 fidejussoribus
1841 3213 2078 3316 promisisset,

258 3375 375 3462 ..n
392 3317 827 3498 m
1092 3315 2079 3500 rorunuincnuncnuc

255 3621 258 3628 Ι
391 3534 472 3598 runt
493 3545 518 3598 o
542 3447 634 3598 doni.
659 3443 1127 3625 wyslaoi'ptobamite
1151 3523 1441 3626 ltynacow³),
1477 3525 1566 3602 llll.
1593 3549 1737 3602 marcos
1764 3526 1915 3624 argenti.
1977 3523 2078 3617 ltem,

391 3624 617 3704 accedentes
633 3627 669 3700 iu
686 3627 726 3700 N
733 3651 863 3728 ynam
885 3626 1061 3704 irruerunt
1082 3629 1118 3702 in
1145 3629 1266 3706 curias
1284 3628 1429 3706 dotales
1453 3654 1548 3706 nove
1566 3642 1603 3706 et
1621 3631 1764 3729 antique
1782 3630 1942 3706 civitatis
1965 3639 2004 3705 et
2019 3627 2078 3704 ei·

391 3730 520 3808 tractis
537 3729 667 3804 lrostiis
683 3729 774 3804 bero
789 3728 947 3830 prandii,
973 3729 1144 3832 quidquid
1166 3733 1377 3809 invenerunt
1396 3746 1469 3808 torn
1492 3734 1529 3810 in
1546 3734 1710 3836 pecuniis
1730 3757 1833 3834 quam
1859 3733 1968 3810 rebus
1985 3731 2079 3824 oliiu,

391 3834 508 3912 onmia
524 3835 667 3934 penitus
683 3833 908 3910 obsiderunt
924 3846 963 3911 ct
978 3833 1196 3912 sacerdotes
1214 3837 1372 3913 vicarios
1390 3847 1473 3912 sunt
1490 3863 1569 3914 cum
1587 3837 1722 3938 gladiis
1739 3837 1936 3939 persecuti.
1978 3835 2080 3926 item,

390 3937 552 4040 magistri
570 3937 886 4014 Francnconis
901 3937 1042 4015 archid.
1061 3937 1328 4041 opoliensis
1352 3943 1467 4018 resin
1485 3943 1641 4034 Bela⁴)
1667 3953 1750 4017 sunt
1769 3941 1893 4040 oblate
1910 3960 1977 4042 per
1993 3963 2081 4016 eos-

392 4041 475 4121 dem
492 4042 580 4120 etin
597 4039 787 4134 Judeal)
810 4065 875 4143 pro
900 4037 1057 4145 pecunia
1072 4053 1156 4120 sunt
1179 4045 1350 4145 obligate.
1404 4044 1505 4124 ldern
1530 4047 1663 4125 samm
1687 4055 1746 4122 est
1763 4043 1931 4122 debonis
1949 4039 2082 4120 dotali-

392 4149 460 4224 bus
508 4147 632 4223 lurium
656 4145 898 4247 plebanorum.
948 4145 1056 4240 ltern,
1085 4145 1249 4225 decimas
1273 4151 1307 4225 iu
1326 4147 1635 4242 Gambowor⁰)
1659 4148 1748 4224 villa
1769 4149 1934 4226 ecclesie
1959 4159 2082 4223 nosne

392 4249 461 4330 CL
503 4251 582 4329 xx
604 4275 748 4330 marcos
765 4250 951 4346 valentes,
980 4251 1069 4328 etin
1086 4251 1169 4328 aliis
1186 4253 1302 4349 villis,
1328 4252 1503 4332 videlicet
1524 4255 1560 4330 iu
1581 4253 1835 4345 Wanchna,
1861 4255 1896 4330 in
1921 4250 2081 4331 Came·

391 4355 511 4448 nica,
543 4356 580 4431 in
605 4355 760 4458 Operti
784 4355 891 4449 uilla,
922 4355 959 4431 in
985 4353 1218 4452 Stiuauia,
1245 4358 1281 4434 in
1305 4357 1506 4450 Grisow,
1531 4359 1568 4433 in
1593 4359 1786 4460 Lipoua,
1819 4359 1856 4434 in
1880 4357 2081 4434 llurcra-

1705 4559 1713 4607 i

437 4645 469 4726 1)
497 4640 576 4707 blan
597 4665 614 4704 v
671 4641 692 4710 l.
714 4641 766 4710 die
787 4641 985 4710 merllicben
1004 4643 1262 4739 Abweichuugen
1289 4644 1392 4715 dieser
1410 4644 1590 4739 Abfessung
1611 4645 1667 4714 des
1688 4579 1807 4716 damu
1832 4646 1892 4712 mit
1918 4645 1977 4712 der
1998 4645 2082 4712 oben

615 4666 651 4708 er

498 4725 540 4792 N.
560 4725 657 4794 LXX
687 4777 694 4793 .
716 4727 748 4794 8.
770 4725 813 4794 86
855 4751 872 4792 e
894 4727 1027 4796 ebenen.

433 4813 468 4896 t)
502 4808 738 4890 Karlomitz,
758 4751 862 4878 SWd.
925 4813 969 4879 M.
991 4837 1053 4882 von
1075 4813 1248 4899 Grottlrsu,
1269 4817 1309 4883 N.
1335 4813 1369 4908 Ἀ
1387 4816 1432 4883 Μ.
1453 4815 1726 4884 vouOttmacbeu.

436 4901 471 4982 ³)
497 4900 530 4983 t)
552 4897 584 4963 S.
606 4895 692 4961 oben
712 4897 751 4963 N.
773 4897 887 4966 XCIV.
909 4899 942 4965 8.
963 4899 1035 4968 litt.
1056 4902 1150 4969 Anm.
1171 4903 1193 4966 7
1214 4925 1246 4968 u.
1269 4901 1320 4969 18.

434 4987 471 5066 t)
499 4985 550 5050 du
569 4981 682 5050 tuden.
767 4989 802 5070 t)
829 4983 1035 5053 unbekannt
1355 5021 1363 5038 .
