4524 5770
358 507 414 588 ss
917 519 976 584 :u
991 513 1240 590 stimma-i
1262 513 1441 590 LXIWme
1501 532 1512 590 t

361 727 453 794 rus
464 713 1231 816 mopsus-..Quosdam
1248 711 2057 818 morommotortomspttsspiuutmis

360 815 1185 920 fflpsffldoijoxwmadmtollectamm
1196 818 1435 922 umatum
1452 819 1652 898 minos
1667 819 1812 901 miiitum
1830 820 2057 922 masur.

360 923 510 1002 finan
521 922 830 1000 mrito-‘ossius
845 923 1011 1025 prefatum
1030 921 1219 1000 domum
1232 924 1427 1004 collectas
1446 923 1573 1002 secoro
1589 949 1702 1024 snper
1714 923 2059 1006 emendat·

359 1027 525 1118 siluerit
546 1023 1101 1126 manumission-timot
1127 1025 1520 1130 moestisspisoopi
1546 1027 1697 1105 arbitrio
1713 1037 1829 1106 m
1845 1026 2057 1108 tionum

361 1127 985 1230 mordetur-‘simoneis
1138 1184 1141 1192 -
1227 1141 1268 1207 '.
1355 1141 1390 1152 ''
1481 1186 1485 1197 -
1636 1186 1640 1195 ·
1853 1174 1857 1193 ·
1901 1143 1906 1152 '
1959 1175 1963 1182 ·
2006 1145 2011 1154 '
2053 1182 2058 1193 ·

264 1233 399 1306 (ιί)Ἰ
443 1233 1234 1336 ··Sripotsmeioaettmo'reropronotroiaorus‚
1261 1231 2060 1336 sonorissimus-utiturneque·-
2180 1261 2182 1268 ⁴

361 1349 521 1440 tempore
539 1337 598 1413 avi
617 1347 654 1412 et
671 1338 785 1413 attavi
803 1339 860 1413 sui
881 1338 982 1416 facte
1000 1337 1153 1414 fuemnt.
1525 1398 1529 1407 .
1706 1394 1710 1406 .
1903 1400 1906 1411 .
1939 1405 1943 1413 .

265 1455 345 1528 aa.)
465 1439 587 1542 Super
608 1445 878 1517 hereditatibus
902 1457 939 1518 et
960 1447 1076 1527 vittis,
1103 1465 1195 1541 quas
1220 1438 1313 1517 dom.
1339 1441 1535 1541 episcopos
1558 1439 1744 1542 possedit,
1770 1441 2056 1541 pronunciatum,

361 1541 512 1724 pontiam
532 1542 855 1724 dmpffifflpum
873 1569 961 1622 esse
978 1545 1121 1646 penitus
1138 1543 1407 1636 resituendunr,
1435 1543 1540 1618 salvo
1560 1548 1646 1644 jure
1670 1545 1898 1646 proprietatis
1915 1543 2056 1622 domino

388 1649 446 1726 nci
491 1647 523 1722 si
565 1671 609 1721 uo
727 1657 775 1723 et.
1177 1713 1181 1720 .

264 1766 293 1834 u
304 1766 344 1829 t)
452 1672 589 1855 ’Sopir
596 1753 689 1846 jure
705 1763 927 1848 patronatus
942 1751 978 1826 in
996 1748 1208 1850 quibosdtn
1225 1751 1418 1844 eoelestis,
1450 1747 1499 1827 de
1516 1773 1586 1850 quo
1605 1761 1665 1826 est
1682 1749 1941 1844 conuoversia,
1966 1775 2055 1856 pro·

360 1853 569 1933 nunciamus
593 1877 693 1945 vero,
720 1852 859 1928 salvum
885 1853 934 1927 sit
953 1859 1018 1954 jus
1043 1854 1193 1954 utrique,
1219 1852 1394 1930 videlicet
1420 1851 1513 1929 dom.
1539 1854 1718 1957 episcopo
1743 1865 1780 1930 et
1804 1851 1901 1948 duci,
1927 1855 1979 1930 ita
1994 1865 2055 1932 to·

223 1963 226 1974 '
261 1958 274 2050 'J
315 1984 321 1996 ¹
360 1960 458 2054 rnen,
485 1955 581 2063 qood
599 1957 632 2031 si
650 1955 779 2056 aliquis
797 1954 897 2031 dicat
920 1978 964 2032 se
983 1961 1140 2056 ejectum
1159 1955 1207 2033 de
1225 1957 1345 2056 eiquo
1363 1951 1539 2049 ecclesia,
1560 1951 1642 2032 sive
1656 1979 1727 2060 per
1742 1956 1873 2035 ducem
1890 1957 1971 2036 sire
1986 1981 2058 2066 per

252 2050 256 2062 ’
360 2083 604 2163 quamcunque
621 2083 825 2171 personam,
854 2069 942 2158 agat
959 2057 1007 2135 de
1019 2065 1105 2162 jure
1123 2085 1190 2135 suo
1209 2083 1329 2136 coram
1342 2057 1472 2162 judice
1491 2061 1709 2164 conpetenti.

264 2175 344 2246 oa)
464 2163 587 2267 Super
610 2169 708 2238 vittis
721 2165 815 2260 'jare
838 2161 1126 2242 'l'hc'otonico
1149 2163 1293 2256 locatis,
1319 2163 1355 2238 in
1382 2165 1510 2264 qmtos
1532 2163 1741 2264 injuriantur
1765 2161 1937 2240 admosti
1959 2163 2053 2242 dom.

360 2265 466 2344 ducis
484 2265 532 2343 de
544 2265 696 2367 judiciis
714 2267 892 2360 civilibus,
917 2291 989 2368 que
1006 2265 1056 2343 ad
1073 2292 1228 2344 oosnun
1245 2269 1435 2390 pertinent,
1458 2267 1512 2346 ita
1528 2269 1814 2373 pronunciamus,
1833 2282 1871 2342 ut
1888 2267 2055 2370 quicquid

360 2368 454 2549 gups.
479 2371 679 2547 epipcopus
705 2367 901 2448 ostendere
922 2372 1054 2483 poterit
1077 2395 1145 2482 per
1170 2371 1363 2479 privilegia
1387 2371 1551 2452 ecclesie
1569 2371 1706 2448 Wrat.
1735 2394 1938 2464 concessa,
1964 2371 2055 2448 illud

387 2485 533 2551 eeato
560 2473 684 2551 tinere.
1040 2540 1044 2548 .
1380 2543 1384 2552 .
1921 2498 1924 2508 ’

263 2585 292 2654 (t
303 2579 345 2650 t)
370 2575 375 2584 ’
464 2571 587 2687 Super
604 2601 648 2652 eo
666 2599 766 2666 vero,
794 2573 890 2676 quod
907 2581 1071 2652 homines
1087 2583 1245 2656 ecclesie
1264 2583 1426 2654 citantor
1443 2578 1497 2652 cul
1514 2583 1767 2662 castellanias,
1794 2573 1853 2680 qui
1877 2600 1945 2652 non
1964 2601 2055 2658 cou-

360 2674 563 2756 sueverunt¹
581 2680 701 2773 citari,
725 2679 797 2755 nisi
820 2697 888 2786 per
907 2679 1038 2756 iiteras
1062 2677 1155 2756 dom.
1182 2676 1289 2760 ducis
1316 2689 1354 2756 et
1380 2677 1429 2756 ad
1454 2677 1600 2773 docem,
1627 2679 1679 2756 ita
1703 2679 1989 2793 pronunciamus,
2016 2684 2057 2760 ut

316 2815 320 2830 =
384 2780 633 2889 sicquidjoris
678 2779 838 2859 rediot'us
857 2777 950 2858 dom.
969 2781 1169 2894 episcopus
1181 2809 1250 2897 per
1262 2783 1453 2896 privilegio
1467 2783 1631 2864 ecclesie
1646 2809 1713 2862 soe
1727 2804 1910 2891 concessa
1927 2795 2053 2866 osten·

330 2810 450 2980 „iere
494 2811 1068 2991 oterit,‘1iiuddebeat'retinere.
1182 2985 1184 2992 Ι
1609 2893 1626 2922 “·
2053 2902 2057 2913 “

262 2993 343 3064 (ti-t
372 3005 377 3014 '
462 2913 637 3085 guantum
661 3014 750 3072 vero
774 2985 824 3065 ad
846 3017 907 3068 res
927 2993 1078 3071 oblutas
1100 2989 1279 3098 episcopo
1312 2999 1350 3066 et
1375 2989 1560 3072 canonicis
1589 2989 1667 3066 suris
1691 3015 1759 3096 per
1783 2987 1935 3072 eundem
1959 2989 2050 3070 dom.

359 3090 500 3190 d'ucem,
528 3091 660 3173 milites
684 3106 722 3171 ct
745 3093 904 3170 homiues
928 3119 1028 3188 suros,
1056 3104 1094 3170 et
1117 3105 1283 3196 quantum
1305 3093 1354 3174 od
1381 3093 1505 3173 debito
1526 3093 1708 3200 inquibus
1732 3103 1873 3173 tenetur
1890 3093 2056 3172 ecclesie·

358 3199 505 3276 racione
522 3197 638 3322 petiis
657 3209 694 3274 et
715 3198 833 3308 patrui
860 3197 928 3292 sui,
955 3197 1243 3304 pronunciamus,
1271 3195 1366 3298 quod
1384 3195 1504 3276 dictus
1523 3195 1625 3276 dom·
1635 3193 1713 3296 dux
1731 3221 1810 3274 cunr
1828 3195 1966 3274 eisdem
1983 3195 2053 3274 tlo-

358 3302 461 3378 nrinis
486 3324 663 3408 eprscopo
683 3311 720 3376 et
738 3299 923 3422 canonicis
947 3302 1025 3378 suis
1050 3297 1366 3410 concordatum!
1384 3301 1417 3376 si
1435 3299 1579 3408 poterit,
1607 3300 1707 3408 apud
1725 3325 1792 3378 eos
1810 3298 1969 3404 graciam
1987 3304 2058 3377 arr-²
2105 3320 2109 3325 ’

264 3508 293 3578 (t
304 3503 345 3572 s)
360 3429 429 3507 per
445 3401 1080 3614 Ρὲῗιᾞὲξδυὶῖῗίξῗιίὲιιιῗιῗιΐιΐῗῑῐυἱέ
1099 3503 1371 3586 recordacionis
1390 3503 1519 3584 domini
1536 3505 1679 3584 chri
1689 3505 1730 3586 ci
1754 3503 1930 3609 quondam
1947 3503 2057 3588 ducis

362 3601 523 3685 Slesie
539 3606 673 3684 locatis
695 3612 770 3685 'ure
789 3606 1083 3686 'l'heutonico
1108 3609 1187 3685 sine
1214 3611 1428 3687 orrctoritate
1447 3611 1615 3718 episcopi
1633 3623 1671 3688 et
1693 3617 1875 3687 consensu
1894 3610 2055 3718 capitoli,

362 3723 526 3823 quantum
545 3706 593 3786 ad
612 3706 793 3804 decumas,
822 3710 931 3788 debet
950 3708 1181 3790 dictusdom.
1201 3710 1277 3788 dux
1295 3709 1387 3791 dom.
1408 3713 1575 3820 episcopi
1592 3715 1750 3816 graciam
1767 3713 1939 3798 invenire:

264 3816 292 3886 (t
304 3811 345 3880 Μ
466 3813 556 3894 item
573 3815 859 3940 pronunciamus,
877 3813 974 3921 quod
991 3815 1110 3916 alique
1127 3815 1213 3892 ville
1228 3813 1323 3898 infra
1336 3841 1407 3894 sex
1421 3841 1534 3907 annos
1549 3841 1619 3893 non
1633 3815 1797 3894 locentur
1807 3819 1892 3920 jore
1905 3815 2054 3898 Theu-

360 3919 531 4016 tonico,
559 3917 628 3996 msi
654 3944 766 4024 super
784 3915 926 3998 decima
950 3922 1029 3998 corn
1045 3914 1146 3998 'dom
1172 3919 1300 4028 episco
1329 3941 1350 3995 o
1375 3931 1413 3997 et
1431 3943 1478 4002 ca
1503 3919 1590 4002 iulo
1610 3945 1676 3996 suo
1695 3931 1732 3998 et
1749 3947 1828 4000 curm
1845 3919 1920 4014 iiio,
1947 3925 2054 4024 eujus

361 4047 451 4102 esse
469 4019 580 4122 debet
597 4019 750 4120 decima,
778 4020 863 4128 quid
881 4033 918 4101 et
935 4026 1098 4126 quantur‘n
1116 4022 1282 4134 recipere
1301 3947 1446 4118 istest,
1474 3949 1581 4102 Krerit
1598 4024 1805 4104 ordinatum.

247 4119 345 4190 (μα)
461 4124 552 4206 Item
585 4125 878 4236 pronunciamus,
920 4123 1016 4232 quod
1047 4124 1141 4203 dom.
1174 4128 1374 4236 episcopus
1405 4153 1508 4204 soram
1535 4133 1826 4227 jurisdicionem
1856 4128 2054 4207 secundom

362 4230 581 4308 sancciooes
597 4229 797 4310 'canonicas
814 4229 928 4308 libere
944 4229 1070 4308 valeat
1086 4254 1276 4312 exercere.
1454 4306 1458 4314 ,
2053 4236 2057 4249 “

464 4333 641 4410 Volumus
660 4333 777 4410 sortem
797 4345 833 4410 et
852 4331 1072 4430 mandamus,
1091 4345 1130 4409 ut
1141 4345 1347 4439 presentem
1362 4333 1626 4415 ordinacionem
1641 4359 1709 4410 seu
1722 4331 1946 4414 amicabr’iem
1963 4357 2056 4412 con-¹

361 4431 594 4535 posicionem,
608 4435 752 4516 laridum
769 4437 828 4512 vel
840 4436 1025 4516 'arbitrium
1043 4449 1193 4540 utraque
1209 4461 1309 4543 pars,
1334 4435 1512 4516 adolium
1525 4435 1620 4514 dom.
1640 4437 1840 4546 episeopus
1858 4448 1897 4518 et
1912 4437 1969 4513 sui
1986 4461 2055 4520 ca·

362 4533 482 4612 nouioi
506 4545 543 4611 et
565 4532 685 4616 dictus
708 4537 801 4616 dom.
828 4537 915 4638 dux,
943 4543 1109 4636 barones,
1135 4537 1267 4620 milites
1294 4552 1333 4617 et
1352 4541 1517 4622 homines
1543 4541 1619 4634 soi,
1647 4543 1715 4623 sub
1738 4565 1836 4646 peno
1859 4540 1895 4616 in
1919 4540 2054 4617 instro-

362 4639 480 4713 mento
498 4647 609 4760 super
627 4643 873 4746 conpromisso
892 4645 1061 4724 contecto
1079 4653 1249 4726 contenta
1265 4641 1424 4726 debeant
1439 4668 1554 4747 usque
1572 4645 1622 4726 ad
1639 4666 1710 4721 sex
1728 4664 1843 4723 cronos
1858 4638 2005 4722 firmiter
2017 4657 2058 4722 et

362 4739 615 4820 inviolabiliter
629 4740 839 4822 ohservare.
883 4743 925 4821 in
947 4753 1052 4848 cujus
1070 4746 1123 4825 r'ci
1147 4745 1392 4825 testimonium·
1410 4759 1448 4826 et
1473 4745 1699 4827 evidenciam
1716 4747 1913 4852 pleniorem
1930 4745 2054 4848 sigssio

361 4845 580 4922 venerabilis
596 4847 723 4969 patris,
751 4847 844 4924 dom.
862 4851 1104 4946 Brunonis,
1129 4849 1165 4926 d.
1185 4875 1239 4952 gr.
1265 4851 1580 4930 Olomucenais
1605 4851 1784 4974 episcopi,
1810 4851 1870 4952 qui
1886 4849 2055 4957 predicte

363 4945 583 5028 ordinarioni
599 4949 758 5026 interfuit
774 4975 911 5030 necnon
930 4965 968 5030 et
980 4955 1112 5055 sigillis
1126 4955 1260 5032 nostris
1270 4967 1477 5060 presentem
1488 4959 1659 5061 pagiuam
1671 4955 1824 5050 scamus
1834 4955 2054 5039 communiri.
