4594 5774
419 525 495 606 882
811 548 813 558 ·
941 527 1152 602 ortanum
1209 527 1369 600 OCXCI.
1397 527 1582 600 CCXGH.

420 731 595 810 ᾱοιιίιιιιιι
622 729 1007 824 Swidnicensem,
1039 729 1088 808 de
1111 730 1277 832 pecrruiis
1301 731 1461 834 receptis
1487 729 1684 808 occasione
1710 729 1883 808 fructuum
1910 729 2107 807 beneficio·

420 863 493 914 rum
518 837 729 914 vacancium
761 836 862 937 primi
894 836 977 910 anni
1009 860 1033 909 a
1059 835 1158 911 clero
1192 835 1384 912 constituto
1407 837 1442 910 in
1476 834 1628 912 dominio
1662 833 1769 913 ducis
1801 831 1987 936 ejusdem,
2015 831 2111 936 quod

419 937 621 1040 hujusmodi
647 940 801 1041 pecunie
834 965 902 1036 uon
927 940 961 1013 in
989 939 1173 1015 utilitatem
1198 941 1259 1016 rel
1285 937 1470 1017 comodum
1502 938 1591 1016 dicti
1618 937 1748 1014 domim
1776 995 1817 1014 ..
1852 939 2017 1040 episcopi
2049 937 2111 1015 vel

383 1075 387 1084 ·
421 1046 479 1122 soi
504 1044 649 1146 capituli
674 1054 737 1118 ant
763 1043 991 1143 singularium
1016 1067 1246 1145 personarum
1271 1043 1403 1144 prelati
1428 1041 1839 1120 Wratislauiensis
1865 1043 2013 1146 capituli
2038 1039 2109 1120 sed

422 1149 536 1226 solum
569 1147 617 1224 ad
652 1148 835 1224 utilitatem
858 1147 1007 1224 ‘fabrice
1040 1147 1202 1226 ecclesie
1228 1147 1638 1224 Wratislauiensis
1672 1145 1837 1248 predicte
1863 1159 1902 1222 et
1930 1170 1998 1222 nou
2026 1145 2111 1222 alibi

423 1265 505 1328 sunt
530 1275 726 1344 converse,
762 1275 899 1328 necnon
934 1249 982 1326 ad
1009 1249 1238 1352 prestandum
1271 1252 1305 1326 in
1333 1252 1470 1326 animas
1498 1249 1689 1328 eorundem
1716 1249 1945 1340 dominorum,
1977 1248 2110 1327 videli-

423 1369 484 1434 cet
510 1357 673 1458 episcopi
698 1367 736 1432 et
761 1353 907 1456 capituli
933 1365 971 1430 et
996 1357 1111 1431 eciam
1136 1356 1300 1456 proprias
1327 1381 1428 1447 suas,
1455 1356 1488 1430 si
1513 1355 1726 1434 necessarie
1752 1354 1870 1446 luerit,
1898 1355 1999 1431 eirca
2048 1378 2109 1430 re·

422 1461 535 1537 missa
560 1459 754 1559 cujuslibet
780 1460 925 1558 generis
946 1463 1193 1558 juramentum,
1219 1468 1257 1535 et
1282 1459 1502 1558 generaliter
1527 1459 1643 1535 omnia
1669 1469 1708 1536 et
1723 1458 1867 1558 singula
1892 1381 2109 1548 laciendum,

422 1562 681 1668 procurandum
714 1573 752 1640 et
783 1561 1025 1641 exercendum
1059 1564 1197 1639 nondue
1231 1565 1494 1665 procuratorio,
1529 1588 1598 1664 que
1632 1565 1666 1637 in
1699 1563 1887 1665 premissis
1919 1565 2111 1639 eteorum

423 1669 580 1769 quaelibet
613 1667 714 1742 utilia
746 1667 875 1743 suerint
907 1691 973 1742 seu
1009 1667 1124 1744 eciam
1157 1679 1348 1768 oportuna,
1380 1679 1511 1759 ratum,
1543 1677 1681 1767 gratum
1715 1677 1753 1742 et
1777 1665 1909 1741 firmum
1934 1677 2111 1768 perpetuo

422 1771 592 1864 babituri,
620 1769 776 1872 quitquid
802 1795 868 1872 per
893 1769 1080 1872 predictos
1107 1795 1226 1847 comm
1251 1781 1504 1876 procuratores
1531 1772 1591 1848 rel
1618 1771 1765 1847 alterum
1792 1770 1946 1872 ipsorum
1973 1770 2009 1845 iu
2024 1795 2111 1872 pre-

423 1875 545 1952 missis
571 1887 633 1950 aut
659 1899 777 1951 eorum
804 1875 921 1974 aliquo
949 1875 1081 1953 sactum
1106 1875 1166 1951 vel
1193 1885 1419 1976 procuratum
1446 1875 1563 1968 luerit,
1598 1877 1664 1950 sub
1691 1874 1918 1975 obligacioue
1945 1876 2111 1950 bonorum

424 2005 565 2056 suorum
598 1991 635 2054 et
667 2003 781 2055 rerum
817 2005 957 2052 suarum
992 1979 1139 2054 omnium
1170 1979 1365 2080 ypotheca.
1433 1981 1534 2056 Acta
1566 1989 1648 2053 sunt
1680 1978 1751 2054 hee
1786 1978 2111 2074 Wretislauie,

424 2109 534 2170 anno,
559 2081 756 2174 indicione,
783 2105 925 2174 mense,
953 2079 1027 2175 die,
1053 2083 1142 2158 bora
1168 2092 1206 2158 et
1229 2083 1312 2159 loco
1339 2084 1505 2185 superius
1531 2081 1771 2184 expressatis,
1798 2079 2028 2182 presentibus
2054 2079 2112 2156 di·

425 2187 558 2264 scretis
577 2185 690 2278 ¹uiris,
717 2184 909 2260 Alberto
935 2185 1157 2260 Brunonis
1189 2188 1438 2262 rnanseonario
1465 2199 1503 2264 et
1527 2187 1725 2263 llenrico
1754 2184 1841 2262 dicti
1873 2183 2004 2260 domini
2028 2186 2112 2262 Jo-

423 2291 585 2367 hannis
619 2286 667 2366 de
700 2289 861 2364 Ltrbek
901 2287 1012 2364 fratre
1043 2288 1189 2364 clericis
1222 2313 1269 2364 ao
1301 2289 1442 2366 Paulo
1482 2291 1644 2367 familiari
1677 2288 1807 2366 domini
1839 2286 2030 2366 Nicolai
2064 2287 2113 2364 de

424 2390 754 2473 Schellindorl'
773 2391 903 2492 prefati
928 2392 1083 2468 testibus
1108 2389 1156 2467 ad
1183 2393 1371 2494 premissa.

277 2512 385 2580 (mgna
527 2497 580 2574 Et
606 2519 677 2596 ego
702 2495 929 2570 Henricus
956 2494 1129 2595 quondam
1158 2496 1298 2589 Petri,
1327 2497 1483 2575 clericus
1510 2496 1668 2574 civitatis
1685 2495 1827 2572 Wrat.
1854 2495 2019 2597 publicus
2045 2496 2111 2570 im-

255 2581 407 2642 ‘¹·N⁰‘⁸'‘'
424 2601 551 2704 periali
577 2599 791 2675 auctoritate
816 2599 987 2690 numnius,
1013 2596 1178 2701 predicte
1203 2613 1468 2704 procuratorum
1496 2598 1744 2680 constitucioni
1770 2623 1816 2676 ac
1843 2599 1926 2674 aliis
1952 2599 2112 2674 omuibus

366 2725 371 2734 '
425 2715 464 2782 et
489 2703 642 2804 singulis
666 2699 884 2803 supradictis
910 2728 982 2777 rutra
1008 2727 1086 2779 cnm
1113 2706 1365 2807 prenominatis
1391 2706 1546 2782 testibus
1573 2727 1727 2806 presens
1753 2702 1897 2780 interfui
1923 2714 1961 2780 et
1978 2728 2025 2779 ea
2049 2727 2111 2778 ro·

425 2817 534 2910 gatus
568 2816 606 2883 et
637 2806 828 2906 requisitus
885 2830 926 2881 er
958 2806 1188 2908 supradictos
1221 2810 1482 2886 constituentes
1516 2807 1675 2904 dominos
1709 2807 1840 2908 scripsi
1875 2818 1912 2882 et
1947 2808 1981 2882 in
2014 2807 2109 2881 banc

387 2916 392 2924 '
425 2911 571 2990 formam
596 2909 773 3011 publicam
806 2833 934 3010 redegi
960 2910 1135 3012 signoque
1166 2937 1246 2988 meo
1272 2913 1379 2989 solito
1414 2925 1452 2989 et
1476 2914 1614 2990 nomine
1640 2910 1852 3012 consignavi
1884 2911 1919 2986 in
1946 2910 2105 2988 testimo-

425 3015 517 3091 uium
543 3014 690 3090 omnium
715 3014 977 3116 premissorum.
1042 3079 1043 3084 ,
1547 3017 1551 3026 ’

1152 3355 1375 3486 coxon.

426 3540 592 3613 truttam,
613 3539 732 3601 tttrttot
750 3553 806 3604 ιιι
826 3539 954 3614 breslau,
976 3541 1121 3602 atrldhet
1142 3542 1206 3602 tom
1227 3541 1384 3604 bemlarm
1406 3541 1531 3618 ttepban
1552 3540 1710 3602 mamutii
1730 3541 1862 3603 maturare
1888 3541 1982 3604 mm
2008 3539 2110 3602 atrro

337 3659 340 3667 ·
797 3642 936 3704 tubalea
958 3643 1011 3704 tul
1027 3643 1211 3717 lubsmrolt,
1233 3659 1282 3706 um
1304 3645 1348 3706 ale
1371 3644 1402 3705 la
1423 3644 1520 3705 tutan
1542 3645 1732 3720 submagna.

425 3793 484 3844 Aua
502 3795 560 3844 dem
572 3792 704 3859 originale
721 3789 888 3843 lm'Arch'rvs
906 3794 953 3843 des
964 3791 1148 3860 Domcapitals,
1166 3795 1223 3844 1111.
1240 3789 1282 3846 59.
1318 3797 1362 3845 An
1379 3797 1481 3862 gritnen
1499 3797 1553 3845 aad
1571 3797 1663 3845 rothen
1680 3794 1907 3848 aetdensnlttuan
1925 3795 2029 3862 bingen
2041 3795 2107 3844 arrei

495 3881 584 3948 Sleget
600 3893 654 3930 uon
671 3880 793 3930 vaiarom
810 3881 937 3944 Waelrse,
955 3881 1001 3930 nult
1019 3881 1069 3930 deu
1087 3881 1276 3930 Umacbril'tent
1295 3881 1322 3931 S.
1340 3881 1520 3932 PREDZLAI
1537 3881 1597 3930 nst
1615 3879 1690 3932 GM
1707 3879 1764 3930 EPl
1867 3880 2023 3931 snavmtt

787 3968 857 4017 unda
881 3967 909 4018 S.
927 3965 1091 4018 crtt’twhl
1103 3967 1410 4018 wltA'rtzLAvmrts
1427 3967 1542 4019 ECGLE
1560 3967 1614 4018 SCl
1631 3967 1737 4017 101118.
1864 4008 1893 4049 1.

294 4113 372 4188 latu,
530 4102 573 4178 ln
597 4103 736 4178 nomine
761 4102 891 4179 domini
917 4128 1032 4179 amen.
1084 4102 1168 4179 Nos
1194 4099 1462 4194 presulatus,
1490 4099 1525 4176 d.
1554 4125 1607 4201 gr.
1636 4101 1832 4202 episcopus
1855 4099 2107 4184 Wratizla-

275 4183 399 4260 Μ’·
428 4206 619 4302 niensis,
645 4217 761 4283 uotum
789 4207 939 4284 iacimus
965 4205 1015 4280 ad
1041 4232 1130 4306 quos
1155 4216 1347 4308 presentes
1359 4206 1586 4308 pervenerint
1603 4204 1792 4297 universis,
1819 4201 1914 4304 quod
1934 4203 2021 4281 licet
2038 4200 2107 4277 du-

429 4307 510 4388 dunt
535 4319 682 4414 propter
708 4307 872 4387 diuturna
898 4323 936 4387 et
960 4307 1084 4386 tidelia
1109 4309 1293 4410 obsequia,
1320 4334 1389 4409 que
1416 4307 1579 4385 dominus
1603 4305 1866 4409 Stephanus
1892 4307 2107 4383 Gromas·

430 4413 505 4508 sii,
551 4415 747 4491 canonicus
779 4414 1111 4491 Pounaniensis
1145 4425 1182 4490 et
1219 4413 1384 4489 altarista
1416 4411 1825 4489 Wratizlauieusis
1857 4411 2107 4500 ecclesiarum,

431 4515 605 4618 quondam
638 4531 761 4596 noster
793 4518 951 4594 notarius
984 4517 1087 4594 nobis
1119 4529 1157 4593 et
1188 4515 1351 4594 ecclesie
1376 4517 1519 4593 Wrat.
1553 4515 1713 4592 exhibuit
1743 4514 1959 4616 temporibus
1992 4525 2109 4590 retro—

432 4621 538 4714 actis,
565 4622 816 4725 inlrascriptas
841 4621 961 4712 villas,
989 4647 1058 4723 que
1084 4621 1154 4699 site
1180 4634 1263 4698 sunt
1286 4622 1321 4698 in
1348 4646 1460 4724 regno
1484 4619 1675 4696 Polonie
1700 4644 1813 4720 prope
1839 4631 1994 4696 castrum
2019 4618 2109 4694 Bo-

430 4717 719 4817 lealauiam¹)
747 4739 784 4804 et
807 4751 919 4830 prope
943 4725 1215 4827 Langinlurt
1240 4725 1320 4803 sive
1347 4723 1584 4826 Campno²)
1617 4735 1655 4800 et
1684 4723 1862 4825 pertinent
1893 4720 1942 4800 ad
1973 4747 2038 4798 nos
2070 4733 2111 4798 et

476 4913 509 4992 i)
536 4891 711 4978 Bnnnlau
732 4913 811 4979 oder
832 4909 1081 4982 lloleslauice
1103 4935 1145 4978 en
1166 4912 1224 4978 der
1244 4913 1372 4979 Prosus.

475 4997 510 5078 tl)
540 4991 715 5086 Kampsa
735 4997 780 5064 im
801 4997 1107 5091 Groasberaogdmm
1128 4999 1247 5077 Poaen,
1268 4996 1356 5062 dicht
1376 5017 1419 5061 aa
1444 4993 1504 5060 der
1522 4988 1740 5060 Schlesisclren
1761 4995 1895 5062 Griinae.
1939 4993 2010 5060 Von
2037 4993 2109 5057 dis·
