4524 5770
691 517 905 594 Hebudes.
969 517 1113 596 XXVI.
1144 517 1314 594 xxm
1797 515 1849 596 22

167 720 352 799 numium
376 721 528 812 nostris,
553 719 689 800 leone
718 719 896 822 palatro,
930 717 1136 802 Gbozlao
1150 715 1298 818 judice,
1325 715 1536 799 Conrado
1561 717 1621 798 de
1643 719 1848 821 flylbuu,

164 824 355 903 ilenrico
381 822 438 902 de
457 824 655 916 Browiu,
687 823 935 905 Hermanno
967 825 1153 914 Nomen,
1181 821 1356 900 ltulone
1385 822 1496 902 fratrs
1521 847 1605 915 suo,
1633 824 1767 900 Petro
1789 823 1848 904 de

165 929 338 1020 thesin,
366 929 572 1030 Ripertu‚
598 929 657 1030 qui
672 929 852 1029 premissa
876 928 992 1008 omnia
1012 928 1197 1004 uobiscum
1214 927 1452 1028 promiserunt
1474 924 1629 1006 fideliter
1647 929 1846 1008 cosmum.

165 1031 201 1108 ln
225 1037 331 1132 eujus
355 1033 408 1108 rei
433 1033 667 1109 testimonium
692 1043 896 1133 presentem
921 1033 1061 1108 literam
1085 1029 1227 1129 sigillis,
1254 1041 1377 1106 nostro
1404 1026 1577 1108 videficet
1601 1040 1639 1108 et
1654 1031 1718 1110 tlii
1733 1034 1849 1112 nomn

166 1135 330 1238 predicti,
358 1136 510 1213 fecimus
528 1135 741 1213 communiri.

905 1541 1101 1634 xxvn.

165 1737 309 1799 luttrltu
331 1735 374 1809 n..
401 1735 756 1812 tantumtantum
778 1735 947 1812 (tronto),
974 1733 1056 1811 mett
1077 1737 1141 1795 dum
1162 1733 1295 1794 blittolo
1317 1734 1437 1796 Thomu
1459 1749 1515 1796 run
1536 1735 1670 1808 Brotlu,
1697 1737 1846 1798 uttbnult
1881 1751 1957 1816 leur,

438 1838 635 1914 ιιιιιιιιιις
654 1839 728 1899 tter
747 1839 795 1900 tto
816 1839 848 1898 Ιι
869 1837 979 1900 auum
1001 1838 1093 1898 rama
1115 1849 1151 1896 ιι
1173 1834 1397 1898 emmenno-
1419 1835 1554 1898 tutmtmu
1841 1825 1845 1833 '
1872 1820 1898 1874 2
1912 1823 1978 1876 ose.

607 1989 686 2040 Liber
703 1991 778 2056 miger
796 1989 988 2054 privilegiorum
1006 1990 1147 2051 eplaeopat
1165 1988 1250 2060 Wrst.
1269 1989 1313 2038 tol.
1330 1981 1391 2039 392.

248 2121 346 2208 ¹Nos
363 2120 629 2216 Bolezlaus,
656 2118 693 2200 d.
712 2147 765 2226 gr.
786 2120 861 2198 dux
879 2119 1059 2216 Slesie,
1077 2123 1258 2203 universis
1274 2148 1428 2224 presens
1446 2123 1619 2226 scriptum
1632 2125 1848 2218 intuentibus

167 2237 278 2304 notum
305 2227 590 2320 essevolumus,
617 2225 712 2328 qood
735 2253 807 2305 rma
831 2253 910 2304 cum
932 2225 1098 2307 militibus
1123 2239 1218 2304 terre
1240 2241 1363 2306 nostre
1388 2227 1618 2329 promittimus
1642 2227 1717 2306 fide
1741 2231 1854 2326 bona,

166 2328 256 2431 quod
280 2356 345 2434 pro
370 2327 521 2408 decimis
545 2331 652 2431 hujus
676 2333 759 2408 anni
783 2330 842 2432 qui
865 2331 982 2408 finitur
999 2328 1089 2408 dom
1108 2331 1274 2408 Thone
1300 2355 1358 2432 ep
1377 2332 1526 2426 Wrat.,
1555 2333 1741 2412 canonicis
1758 2335 1847 2426 suis,

165 2435 387 2512 monasteriis
411 2446 448 2512 et
473 2433 571 2512 clero
595 2460 662 2510 suo
687 2461 754 2538 per
776 2459 844 2511 nos
870 2446 908 2512 et
930 2445 1073 2514 nostros
1091 2434 1252 2512 homines
1271 2460 1350 2511 eum
1367 2445 1491 2512 nostra
1507 2439 1784 2537 cooperaoioue,
1809 2433 1850 2516 id

166 2551 220 2615 est
235 2535 383 2616 vitando
402 2539 730 2616 excommunicatus
748 2550 786 2616 et
802 2537 1025 2632 interdictos,
1051 2565 1166 2642 usque
1184 2535 1234 2616 ad
1251 2537 1381 2616 festum
1406 2551 1535 2620 sancte
1552 2541 1670 2618 nocie
1694 2541 1849 2620 satisfiet
1866 2568 1908 2624 ιι.
1920 2573 1983 2624 me.

165 2642 224 2719 tali
240 2641 360 2734 modo,
386 2641 481 2743 quod
499 2641 547 2718 de
564 2643 699 2720 mansis
717 2643 1135 2721 Teuthonioalibus
1154 2642 1329 2744 quondam
1347 2643 1505 2722 excultis
1522 2645 1558 2722 in
1576 2645 1671 2723 silvo
1687 2645 1849 2724 fertones
1986 2663 1989 2670 '

164 2745 412 2848 persolventur
435 2744 493 2822 ubi
518 2745 680 2824 fertones
705 2759 814 2824 antea
839 2759 922 2824 sunt
944 2747 1069 2840 soluti,
1098 2745 1146 2824 de
1170 2747 1251 2824 aliis
1273 2773 1361 2827 vero
1386 2773 1458 2827 sex
1483 2775 1670 2828 mensuras
1695 2751 1755 2829 ubi
1779 2775 1850 2828 sex

164 2875 338 2944 mensure,
366 2847 469 2928 etde
487 2849 570 2926 aliis
586 2847 785 2928 maldratas
809 2849 874 2926 ubi·
885 2847 1061 2928 maldrate
1078 2849 1237 2950 primitus
1255 2853 1498 2948 solvebantur,
1524 2851 1573 2930 de
1591 2855 1692 2953 agris
1709 2879 1797 2932 vero
1813 2856 1858 2932 iu*

164 2955 290 3054 quibos
317 2953 399 3030 olim
422 2951 563 3032 decime
586 2953 681 3030 solvi
705 2965 971 3034 consueverunt
991 2954 1230 3056 manipulatim
1252 2955 1289 3030 in
1313 2981 1392 3034 caru
1417 2957 1472 3050 is,
1499 2959 1559 3057 qui
1580 2955 1686 3035 modo
1709 2960 1746 3034 in
1763 2964 1849 3059 jure

166 3057 445 3136 Teuthunioo
470 3069 553 3134 sont
576 3057 699 3152 locati,
727 3057 775 3135 de
799 3083 927 3160 magno
951 3083 1076 3137 manso
1099 3069 1183 3138 octo
1207 3058 1302 3138 scoti
1325 2983 1429 3136 etde
1452 3085 1564 3159 parvo
1587 3086 1661 3140 sex
1677 3062 1770 3148 scoti
1788 3086 1849 3138 ar·-

164 3161 264 3262 genti
278 3161 539 3263 persolventur.
584 3161 624 3237 ln
648 3159 742 3242 locis
766 3174 896 3260 antem,
922 3162 1101 3264 inquibus
1120 3161 1261 3242 decime
1279 3159 1371 3251 dorm¹
1392 3163 1571 3263 episcopi,
1600 3165 1851 3251 canonicorum

165 3291 230 3342 seu
250 3265 339 3344 oleri
355 3265 471 3366 ipsius
488 3262 635 3344 vendite
653 3277 736 3344 sont
752 3267 788 3342 in
806 3267 961 3370 campis,
989 3292 1035 3344 ea
1052 3292 1122 3367 que
1139 3290 1203 3367 pro
1219 3265 1312 3366 ipsis
1328 3265 1507 3367 promissa
1523 3280 1606 3343 suut
1618 3269 1645 3360 ¹)
1662 3267 1850 3368 integrali-

164 3383 220 3448 ter
235 3370 496 3472 persolventur.
537 3369 589 3446 m
605 3371 677 3450 hec
695 3372 811 3448 omnia
829 3367 1066 3472 expedientur
1083 3395 1196 3470 nsque
1213 3367 1264 3446 nd
1281 3370 1461 3448 terminum
1478 3369 1740 3472 supradictum,
1760 3397 1850 3472 quc-

165 3501 238 3550 rom
255 3473 395 3552 solonio
414 3473 531 3548 statim
548 3475 694 3576 incipiet
713 3501 791 3552 eum
807 3471 1032 3553 interdictum
1048 3473 1155 3551 fuerit
1172 3473 1383 3553 relaxatum.
1415 3474 1475 3552 De
1494 3501 1634 3565 annona
1651 3477 1767 3554 eoiom
1784 3502 1851 3556 ca-

164 3577 266 3680 pituli
281 3603 347 3680 per
363 3603 429 3654 nos
448 3577 528 3652 olim
547 3591 726 3678 occupata
743 3579 1034 3678 qualitercunque
1051 3579 1113 3656 vel
1130 3590 1297 3678 occepta,
1316 3579 1353 3656 in
1370 3591 1503 3679 quiante
1519 3579 1625 3659 suerit
1642 3580 1851 3679 quantitate,

165 3707 279 3782 usque
297 3679 347 3756 ad
364 3693 518 3760 octavas
537 3681 741 3784 epyphanie
783 3707 823 3758 er
840 3708 907 3760 uos
931 3683 1011 3759 sine
1036 3679 1272 3760 diminucione
1298 3683 1419 3782 aliqua
1437 3685 1610 3777 satisfiet,
1642 3697 1679 3760 et
1710 3710 1853 3764 exnunc

164 3787 200 3862 in
217 3797 398 3886 posterum
416 3781 464 3862 de
481 3785 564 3886 ipsa
581 3709 795 3886 occupando
811 3811 879 3862 uos
896 3786 1099 3864 nullatenus
1116 3787 1395 3880 intromittemus,
1415 3789 1490 3864 uisi
1515 3799 1684 3888 qtrantum
1703 3787 1751 3864 ad
1781 3788 1854 3867 hoo

164 3889 332 3966 voluntas
351 3887 499 3990 capituli
516 3889 721 3966 accesserit
737 3889 922 3992 specialis.
943 3888 1196 3976 ,Promittimus
1215 3891 1343 3984 eciam,
1371 3890 1465 3994 quod
1483 3917 1593 3992 super
1609 3903 1763 3972 tractatu
1782 3891 1852 3969 ba·

166 3991 286 4070 bendo
305 3991 353 4070 de
371 3993 556 4072 solucione
575 3987 791 4070 decimarum
807 3993 842 4068 iu
860 3993 1011 4070 loturum
1029 3991 1078 4070 ad
1097 3993 1191 4070 diem
1209 3997 1242 4070 b.
1257 3995 1385 4088 Lucis,
1405 3996 1464 4096 qui
1481 3996 1650 4072 terminus
1667 3995 1768 4070 sratri
1784 4017 1852 4070 nu·

166 4107 242 4174 stro
260 4095 353 4172 dom.
379 4093 695 4195 W(ladislao)
721 4095 1088 4196 salceburgensi
1119 4097 1395 4198 archiepiscopo
1425 4123 1491 4198 per
1520 4095 1611 4174 dom.
1644 4097 1854 4198 episcopum

166 4215 205 4278 et
223 4227 323 4276 suum
345 4201 536 4302 capitulum
554 4199 661 4275 datus
680 4211 739 4277 est
754 4201 790 4274 in
807 4200 956 4291 Wrat.,
983 4200 1167 4276 veniemus
1191 4201 1431 4302 personaliter
1454 4201 1512 4278 vel
1529 4201 1616 4277 illuc
1634 4199 1853 4300 sollempnes

165 4315 312 4381 nostres
328 4305 477 4382 nuncios
495 4305 782 4380 transmittemus.
818 4300 924 4392 Quod
947 4301 980 4378 si
1003 4303 1074 4380 hec
1098 4329 1168 4404 que
1193 4305 1371 4406 premissa
1396 4314 1479 4378 sunt
1504 4327 1571 4378 non
1589 4301 1720 4380 fuerint
1736 4301 1852 4378 adim-

166 4409 280 4510 pleta,
299 4405 393 4484 dom.
412 4407 607 4509 episcopus
627 4405 755 4484 eadem
767 4403 1007 4510 jurisdicione
1023 4408 1137 4484 libere
1154 4419 1240 4486 tune
1256 4417 1384 4483 utatur.
1410 4405 1463 4483 Et
1478 4406 1549 4484 bec
1567 4407 1683 4483 omnia
1695 4407 1751 4485 sic
1767 4431 1853 4510 pro-
1905 4420 1909 4436 '

166 4514 283 4588 missa
298 4512 333 4588 in
350 4513 510 4613 presenti
526 4512 632 4587 litera
647 4523 773 4588 nostra
789 4511 901 4586 nostri
926 4511 1147 4612 appensione
1170 4511 1281 4611 sigilli
1304 4511 1522 4603 roboramus,
1545 4511 1689 4588 militum
1710 4522 1854 4588 nostro-

164 4643 243 4694 rum
259 4617 400 4693 nomina
417 4617 698 4710 subscribentes,
717 4617 788 4698 bec
805 4612 989 4708 videlicet,
1017 4611 1110 4690 dom.
1128 4614 1206 4693 loo
1218 4613 1415 4716 palatinus,
1442 4613 1534 4693 dom.
1551 4612 1589 4694 H
1596 4615 1780 4694 euricus
1798 4611 1854 4692 de

166 4719 364 4811 Prowin,
381 4718 474 4796 dom.
491 4720 655 4797 Petrus
675 4717 730 4797 de
743 4720 919 4814 Bresin,
935 4715 1031 4799 dom.
1048 4719 1172 4797 Herm
1184 4743 1327 4797 annus
1346 4717 1575 4820 Currigia,
1594 4719 1687 4796 dom
1707 4717 1854 4798 Chaa-

215 4997 247 5074 l)
277 4987 422 5057 Niimlich
443 4991 478 5055 in
500 4989 556 5056 der
576 4989 733 5057 Urluunde
754 4991 811 5056 Nr.
833 4989 943 5058 xxvi
964 5013 1037 5057 vom
1057 4989 1107 5060 18.
1129 4991 1310 5060 November
1332 4989 1424 5060 1267.
1576 5093 1599 5160 5
