4594 5774
778 574 786 599 .
853 529 1066 604 Urburnlea
1132 527 1276 602 OEllX.
1351 533 1356 540 '
1830 527 1908 608 til

128 723 135 734 ’
218 729 295 816 'dno
318 745 443 816 castra
467 735 502 810 in
529 733 703 812 tenitcrio
727 733 959 837 Nysscnai
984 741 1194 810 mutuum
1218 752 1362 832 quom
1386 751 1504 824 ιιιιιιι,
1528 733 1702 814 videlicet
1719 735 1762 812 -in
1778 738 1909 831 Beln,

218 867 289 920 uos
321 843 368 918 ob
404 837 652 916 defensionem
685 848 780 916 terre
814 837 1112 938 recognoscimus
1142 833 1414 930 'manuisum
1448 837 1597 914 alterum
1620 839 1770 916 veroin
1795 841 1910 918 Kal·

219 945 451 1046 denateyn
476 941 680 1022 edificatum
705 965 772 1044 per
794 941 958 1018 inirricos
983 939 1159 1032 ecclesie,
1185 941 1355 1042 precibus
1381 951 1419 1017 et
1444 941 1567 1043 precio
1593 941 1806 1038 redemisse,
1842 969 1910 1023 on·

218 1052 306 1126 riam
333 1049 449 1126 eciam
476 1045 722 1147 episcopalem
752 1046 788 1121 in
822 1044 1062 1137 Galcbow,
1096 1045 1200 1120 uobis
1230 1045 1265 1120 in
1300 1045 1445 1122 remotis
1478 1047 1670 1144 agentibus
1702 1059 1740 1123 ct
1772 1052 1910 1150 absque

170 1205 173 1221 .
219 1165 345 1230 nostra
369 1151 533 1228 sciencia
559 1161 840 1242 concrematam,
878 1147 1047 1225 abductis
1081 1148 1292 1224 animalibus
1326 1161 1365 1226 et
1389 1149 1540 1225 annonis
1574 1148 1622 1227 de
1649 1151 1726 1226 suis
1752 1153 1910 1246 allodiis,

219 1281 287 1334 nco
313 1256 448 1332 asserit
474 1277 741 1330 concremasse.
793 1253 890 1328 Dicit
915 1253 1044 1346 eciam,
1074 1277 1142 1328 nos
1169 1277 1296 1328 novum
1321 1251 1513 1355 pedagium
1541 1253 1622 1330 sive
1647 1254 1847 1332 theloneum
1873 1259 1910 1334 iu

137 1383 142 1395 ·
218 1361 308 1437 villa
333 1358 515 1447 ecclesie,
550 1356 651 1434 dicta
676 1355 1024 1447 Cruthewalde,
1058 1355 1233 1434 statuisse
1266 1367 1304 1433 et
1336 1357 1382 1432 ab
1417 1357 1615 1434 hominibus
1649 1359 1813 1435 ecclesie
1844 1385 1911 1462 per

220 1465 463 1566 captivitatem
496 1461 684 1562 pecuniam
716 1461 933 1538 extorsisse.
994 1461 1075 1552 One
1107 1461 1224 1536 corma
1256 1471 1294 1536 et
1326 1461 1471 1561 singula
1495 1458 1585 1538 dicit
1617 1482 1684 1536 nos
1709 1460 1850 1540 secisse
1875 1465 1910 1540 in

219 1567 456 1672 prejudicium
483 1563 744 1642 ecclesiastice
769 1565 946 1641 libertatis
973 1577 1011 1640 et
1035 1564 1189 1640 namne
1214 1563 1329 1656 illins,
1365 1587 1435 1665 que
1460 1587 1527 1668 per
1550 1561 1644 1640 dom.
1670 1565 1910 1642 Hernicum

219 1670 396 1774 quondan
427 1667 556 1744 ducem
591 1665 747 1746 Slesie
781 1679 820 1746 et
852 1666 945 1744 dom.
971 1665 1136 1761 Wrat.,
1168 1679 1326 1744 nostrum
1356 1667 1554 1770 patruelem
1587 1666 1756 1746 dilectum
1788 1671 1911 1748 lelicis

221 1777 402 1864 memorie,
429 1771 811 1850 Wratislauienai
839 1772 1016 1864 ecclesie,
1043 1783 1082 1847 nt
1106 1772 1252 1864 asserit,
1279 1769 1367 1848 data
1383 1773 1503 1849 extitit
1519 1781 1558 1848 et
1575 1795 1768 1864 concessa,
1795 1777 1911 1852 eciam

219 1905 287 1983 per
311 1877 438 1956 sedem
465 1875 719 1976 apostoliam
747 1887 785 1952 nt
809 1875 985 1968 referunt,
1022 1899 1072 1952 ex
1099 1885 1203 1954 certa
1228 1875 1390 1953 sciencia
1415 1876 1670 1966 confirmatam
1704 1901 1775 1978 qne
1800 1879 1911 1955 liber-

221 1997 301 2076 tas,
337 1983 369 2058 si
395 1980 521 2056 valeat
552 1991 614 2055 aut
638 1979 765 2056 valere
790 1977 943 2072 debeat,
978 1977 1190 2055 dubitamus.
1253 1977 1343 2058 Cum
1368 1979 1477 2080 igitur
1499 2003 1565 2082 pro
1591 1979 1800 2080 quibusdam
1825 2005 1911 2084 pre·

220 2086 343 2164 missis
376 2082 538 2162 articulis
570 2081 783 2186 sepedictus
816 2083 1035 2160 venerabilis
1066 2095 1172 2184 pater
1203 2107 1262 2186 ep.
1290 2083 1431 2158 Wrat.
1463 2083 1498 2158 in
1532 2107 1722 2185 personam
1754 2099 1911 2162 nostram

222 2186 610 2270 excommunicacionis
643 2197 682 2264 et
713 2184 892 2264 interdicti
923 2187 959 2262 in
991 2199 1120 2264 terram
1154 2201 1312 2262 nostram
1343 2188 1555 2264 sentencias
1587 2185 1732 2264 duxerit
1754 2190 1911 2294 promul-

221 2291 366 2394 gandas
391 2315 479 2382 nos,
512 2291 602 2368 licet
625 2292 661 2366 in
687 2289 896 2390 quibrmdam
929 2290 1090 2367 articnds
1116 2287 1308 2366 credamus
1332 2289 1521 2392 promissis
1544 2293 1723 2390 justiciam
1750 2317 1817 2369 nos
1842 2295 1911 2372 lra-

221 2399 329 2488 bere,
363 2396 552 2496 cupientes
584 2407 702 2471 umen
736 2407 913 2494 umquam
944 2393 1040 2470 lilios
1070 2391 1285 2472 obediencie
1318 2393 1369 2470 ad
1400 2395 1570 2496 gremum
1600 2398 1722 2472 matris
1748 2399 1912 2478 ecclesie

222 2499 437 2592 convolare,
471 2521 580 2600 super
611 2498 798 2599 prennissia
823 2498 983 2576 omnibus
1009 2497 1190 2574 articulis.
1205 2509 1243 2574 et
1267 2498 1421 2575 maxime
1447 2497 1497 2576 de
1525 2499 1759 2578 restituendis
1784 2501 1913 2578 fructi·

223 2607 291 2680 bus
324 2603 540 2680 decimarum
580 2626 647 2703 per
677 2627 745 2678 nus
777 2601 976 2678 ablatorum
1010 2599 1184 2702 episcopo
1227 2625 1274 2677 ac
1308 2602 1461 2701 singulis
1495 2605 1699 2698 canonicis,
1740 2606 1911 2708 capitulo,

222 2707 323 2786 clero
355 2707 527 2804 religioso
561 2719 599 2782 et
625 2705 783 2784 seculad
808 2703 1008 2782 reddendis
1034 2702 1145 2780 etde
1172 2706 1305 2826 oannis
1330 2707 1435 2782 novis
1461 2703 1698 2797 demoliendis
1715 2721 1777 2786 aut
1793 2707 1912 2788 eidem

221 2807 1912 3020 ttttsllttttzttttttutt,'stelbom‘'ttutltttluttttt

223 3033 312 3096 trem
338 3018 546 3119 episcopum
570 3015 927 3094 Cracouiensern
955 3027 993 3093 et
1017 3013 1220 3116 hujusmodi
1246 3017 1534 3118 compromissum
1559 3018 1594 3092 in
1621 3043 1665 3094 sc
1691 3031 1820 3120 sponte
1846 3044 1912 3096 su-

224 3121 435 3224 scipientem
475 3131 650 3220 tamquam
689 3122 727 3196 iu
758 3122 942 3211 arbitsrnt,
984 3119 1227 3196 arbitrmorem
1267 3143 1335 3195 sen
1374 3119 1598 3197 amicabilem
1639 3125 1912 3224 compositorem

224 3224 533 3328 eonpmuittimus
567 3223 602 3300 in
632 3223 705 3300 lriis
737 3225 902 3326 scriptis,
933 3233 973 3296 ut
996 3220 1110 3318 idern,
1142 3220 1310 3300 babendo
1343 3221 1447 3300 deum
1473 3247 1538 3324 pre
1564 3225 1699 3318 oculis,
1732 3225 1911 3320 ordinare,

223 3331 398 3422 arbitrari,
424 3327 587 3421 laudare,
614 3329 850 3428 pronunciare
876 3337 914 3404 et
939 3322 1093 3404 diffinire
1118 3328 1248 3430 possit,
1272 3327 1527 3428 imperpetuum
1544 3329 1641 3404 etin
1667 3341 1819 3431 tempus,
1845 3355 1911 3408 ae-

223 3435 295 3512 mel
321 3445 383 3510 aut
407 3433 555 3535 pluries,
582 3432 797 3532 conjunctim
824 3444 886 3508 aut
912 3428 1072 3524 divisim,
1099 3429 1232 3506 stando
1255 3432 1317 3508 vol
1342 3429 1520 3524 sedendo,
1551 3429 1683 3508 diebus
1708 3434 1850 3510 feriatis
1874 3447 1913 3512 et

223 3563 291 3616 noo
318 3537 469 3628 leniatis,
497 3533 779 3636 quandocunque
805 3547 843 3613 et
865 3536 1065 3635 ubicunque
1090 3535 1261 3628 voluerit,
1296 3533 1435 3610 adata
1468 3537 1694 3637 presencium
1725 3535 1818 3613 infra
1843 3563 1911 3614 an-

222 3667 303 3718 uum
328 3639 424 3718 idem
443 3629 628 3716 'arbitrium
654 3637 811 3734 finiendi,
832 3637 928 3740 juris
954 3639 1216 3740 sollempnitate
1242 3652 1391 3716 servata
1416 3649 1454 3716 et
1477 3662 1546 3718 non
1565 3651 1723 3734 servate,
1749 3642 1911 3744 partibus

247 3746 452 3823 resentibus
479 3757 517 3820 et
541 3744 764 3835 absentibus,
790 3745 852 3821 vel
877 3767 948 3818 una
972 3754 1144 3845 presente
1170 3756 1208 3819 et
1234 3744 1351 3820 altera
1375 3739 1540 3836 absente,
1573 3757 1685 3820 ratum
1711 3757 1749 3822 et
1773 3757 1911 3846 gratum

273 3850 376 3926 bituri
401 3846 567 3950 quicquid
592 3848 628 3922 in
652 3848 842 3950 premissis
868 3847 1027 3924 omnibns
1053 3848 1113 3924 vel
1140 3846 1296 3947 quolibet
1311 3848 1561 3947 premissorum
1586 3871 1652 3950 per
1674 3847 1824 3926 eundem
1841 3873 1911 3927 ve-

224 3953 418 4032 nerabilem
443 3963 580 4053 patrem
606 3949 836 4053 dispositum,
873 3951 1155 4054 pronunciatum,
1190 3947 1372 4024 diffinitum
1398 3951 1506 4026 fuerit
1530 3975 1597 4029 seu
1624 3953 1737 4030 eciam
1765 3952 1910 4028 ordina·

224 4056 579 4160 compromittentes
605 4066 731 4132 tenere
755 4057 936 4158 premissa
967 4067 1005 4131 et
1030 4079 1098 4130 uon
1127 4053 1403 4130 contrafacere
1428 4055 1489 4130 vel
1514 4057 1638 4132 venire
1668 4057 1815 4133 racione
1840 4057 1911 4132 ali-

226 4187 299 4262 qua
324 4163 404 4238 sive
430 4183 557 4252 cansa,
585 4157 731 4260 dejure
757 4159 817 4236 rel
844 4157 893 4236 de
911 4159 1022 4250 lacto,
1049 4181 1119 4234 nec
1152 4154 1270 4232 dolum
1295 4181 1362 4234 seu
1389 4155 1551 4234 fraudem
1571 4183 1637 4260 per
1661 4181 1728 4234 nos
1754 4171 1816 4235 ant
1840 4159 1909 4235 ali-

225 4289 318 4367 quas
342 4287 520 4365 personas
546 4263 641 4340 alias
666 4261 857 4355 adbibere,
891 4261 1099 4339 concionem
1133 4259 1369 4337 sufficientem
1402 4285 1512 4361 super
1535 4262 1722 4367 premissis
1748 4263 1911 4340 articulis

225 4381 265 4447 ct
290 4367 447 4470 quolibet
468 4391 594 4444 eorum
617 4367 653 4442 'm
680 4368 831 4445 loturum
857 4363 1095 4442 observandis
1121 4375 1286 4466 prestare
1312 4363 1361 4440 ad
1388 4365 1565 4440 arbitrium
1589 4365 1705 4468 ipsius
1730 4364 1823 4442 dom.
1850 4391 1910 4470 ep.

225 4472 558 4553 Graecuicnnis
591 4484 628 4550 et
661 4471 777 4550 eciam
811 4469 1003 4561 exhibere,
1037 4468 1242 4568 obligantes
1274 4493 1342 4544 nos
1368 4470 1435 4545 sub
1580 4470 1640 4546 vel
1671 4470 1777 4571 penis
1801 4472 1910 4572 spiri·

225 4577 382 4654 tuab'bns
407 4575 469 4650 vel
494 4575 749 4678 temporalibus
780 4585 843 4652 aut
867 4573 1042 4673 ubisque,
1079 4597 1182 4672 qoam
1212 4571 1274 4648 vel
1306 4595 1397 4673 quas
1429 4491 1790 4649 idlellnvenerabilis'
1806 4585 1911 4678 peter

226 4679 373 4758 duxerit
402 4677 647 4780 imponendas.
708 4679 751 4755 ln
783 4683 889 4779 cujus
922 4677 975 4754 rei
1005 4675 1241 4752 testimonium
1272 4687 1464 4782 presentes
1496 4677 1623 4754 literas
1653 4677 1765 4776 sigilli
1797 4678 1910 4758 nosti

229 4783 414 4862 munimine
440 4781 608 4858 duximus
632 4781 866 4874 roborandas,
893 4792 1010 4860 aotunr
1035 4780 1070 4854 in
1088 4779 1289 4882 Strelyn,
1315 4803 1408 4858 annu
1427 4775 1555 4856 domini
1572 4779 1760 4862 MCCXC
1777 4779 1908 4882 quinta,

229 4887 297 4966 lll.
326 4913 397 4964 nou
421 4885 526 4979 Julii,
562 4888 808 4990 presentibus,
835 4885 947 4964 lratre
972 4884 1111 4960 Panlo
1144 4884 1263 4986 priore
1285 4881 1579 4988 Syradiensi,
1605 4879 1748 4962 danum
1774 4884 1910 4964 ordinis

230 4989 521 5085 llredicatomn,
554 4991 726 5092 semetra
751 4990 1004 5068 Franciseo
1029 4987 1204 5066 canonico
1237 4997 1275 5066 et
1299 4987 1521 5067 cancellario
1546 4989 1709 5070 ecelede
1735 4987 1909 5070 Cracc-
