4594 5774
261 4759 414 4887 alpem)
518 4749 584 4824 *Et
609 4775 680 4848 ego
706 4753 929 4828 Nicolsus
961 4777 1053 4852 quon

418 545 497 648 unt
1010 539 1220 616 ueteres
1268 501 1525 614 uotum.

422 755 548 828 bus.“
601 744 775 820 Dominus
807 739 883 816 dux
914 737 1119 841 respoudit:
1152 762 1255 830 „uon
1287 761 1373 816 curo
1399 737 1631 838 copiuueum
1666 751 1798 837 neque·
1817 737 2010 829 uum-bs,
2035 721 2116 818 eol

422 849 623 928 mundetum
648 845 869 946 imperotoris
895 844 980 920 volo
1005 842 1184 943 exeqrri.“
1235 841 1377 918 Domini
1402 840 1568 920 cononici
1591 838 1778 918 dixermtt
1811 841 2018 940 „gratiose
2043 838 2114 918 do-

423 956 533 1032 mine!
557 963 681 1028 vestre
706 948 872 1024 memorie
899 969 1092 1048 quesumus
1117 943 1295 1036 reducite,
1321 942 1418 1043 quud
1435 942 1598 1020 domitus
1616 957 1741 1024 noster
1764 945 1958 1046 impcmtor
1982 944 2116 1022 nollo·

422 1059 531 1136 robis
552 1077 620 1132 nec
645 1051 749 1128 nobis
774 1051 915 1126 literam
940 1050 1076 1126 miserit
1101 1073 1211 1149 snper
1233 1049 1306 1124 isto
1333 1047 1470 1126 lucto.“
1500 1047 1675 1125 Dominus
1693 1045 1770 1124 dux
1786 1046 1989 1149 respondit:
2014 1070 2125 1146 „ego

423 1173 493 1240 tem
519 1156 668 1234 idustris
694 1154 827 1246 existo,
854 1152 960 1253 quod
977 1178 1046 1230 uec
1071 1151 1298 1253 imperatoris
1323 1175 1395 1226 uec
1418 1150 1576 1250 alicujus
1591 1149 1724 1230 domini
1739 1151 1897 1228 virentis
1923 1152 1959 1230 in
1987 1149 2117 1228 mondo

514 1287 537 1338 o
562 1258 694 1336 domini
718 1281 814 1359 pope
828 1257 934 1342 ,lotor
957 1257 1138 1332 literarum
1165 1255 1244 1332 fore
1271 1254 1421 1342 vellem,
1448 1253 1520 1332 sed
1543 1254 1736 1354 imperetur
1760 1279 1827 1355 per
1849 1279 1896 1334 ee
1917 1255 2032 1356 jussit
2055 1279 2117 1334 me

422 1289 664 1455 minume,
692 1373 730 1436 et
755 1358 931 1460 quomodo
956 1360 1050 1436 ulios
1075 1359 1203 1436 lbcere
1228 1355 1418 1447 cuderem,
1444 1357 1514 1434 uisi
1537 1355 1635 1456 quud
1659 1358 1775 1458 ipsius
1801 1356 1932 1434 domim
1957 1359 2117 1460 impers-

423 1470 510 1546 toris
535 1464 714 1544 mundetis
740 1463 933 1540 obedirem.
963 1461 1193 1540 liresentetis
1219 1461 1323 1540 rnicbi
1350 1471 1509 1538 vestrum
1525 1473 1664 1561 portem
1681 1459 1781 1562 opidi
1804 1459 1970 1562 predicti,
1998 1487 2117 1562 quon-

423 1571 612 1670 docuuque
644 1570 836 1668 imperator
854 1567 1008 1666 jubebit,
1040 1567 1159 1642 stobru
1184 1565 1289 1640 votis
1310 1566 1546 1642 ·restitnum.“
1623 1564 1760 1642 ltereto
1785 1561 1917 1642 domitu
1948 1565 2117 1644 cononici

327 1745 333 1760 „
423 1676 642 1778 protulerunt
672 1671 745 1748 bec
776 1672 906 1749 uerbo:
942 1681 1058 1761 „tunc
1084 1667 1134 1743 ed
1159 1693 1284 1746 mouns
1310 1666 1439 1744 donnum
1471 1667 1584 1742 nostri
1614 1668 1840 1768 imperatoris
1869 1668 2032 1746 bomirtes
2063 1664 2116 1746 de

423 1789 549 1856 nemra
573 1787 676 1878 perte
697 1775 807 1850 vvobis
832 1773 1035 1874 prouittere
1060 1772 1276 1850 fouemus
1309 1769 1373 1846 Ad
1396 1771 1471 1848 boc
1488 1768 1650 1848 dontinus
1677 1769 1754 1846 dux
1778 1769 1981 1872 respondit:
2008 1771 2116 1862 ,solo

424 1885 581 1982 ipsorum
606 1867 785 1979 promisse
809 1877 1013 1978 suscipere,
1040 1899 1109 1954 nec
1135 1899 1222 1954 curo
1247 1875 1403 1976 ipsuruu
1429 1873 1620 1976 promisso,
1646 1872 1719 1950 sed
1742 1875 1826 1952 uolo
1843 1887 2001 1952 uestrum
2027 1899 2115 1975 por·

423 2001 495 2062 tem
520 1985 658 2059 bebere
682 1991 721 2056 et
746 1977 887 2081 opidum
913 1981 1046 2054 iutrore
1079 1989 1118 2054 et
1141 2001 1303 2068 exnunc,
1335 1975 1630 2076 quandocumque
1664 1977 1856 2078 inperator
1885 2003 1944 2054 me
1972 1979 2117 2077 jubebit

423 2089 529 2164 robis
561 2086 752 2162 restituere
783 2081 918 2160 dietum
950 2080 1110 2184 opidum,
1145 2082 1266 2156 stetim
1290 2081 1396 2158 vobis
1420 2093 1579 2158 voebrom
1609 2091 1751 2181 portem
1780 2082 1972 2158 restituere
2002 2081 2115 2158 odoro

424 2205 482 2268 me
506 2196 705 2290 ιιιιιιιίιιιιιέ6
750 2185 918 2286 Sepelnti
945 2197 1064 2262 sutem
1090 2183 1220 2260 domim
1247 2184 1411 2260 cononici
1434 2181 1618 2260 dirorum:
1646 2183 2019 2282 „graciose'dominel
2044 2208 2114 2260 ros

424 2296 505 2396 ipse
529 2291 632 2368 uobis
659 2289 884 2366 consulitc!“
911 2289 969 2390 qui
987 2285 1202 2388 respondit:¹
1219 2287 1395 2378 „consulo
1417 2286 1534 2378 vobis,
1561 2283 1656 2386 quod
1674 2283 1871 2365 seeundum
1883 2293 2027 2386 jussum
2046 2289 2114 2364 im·

424 2397 604 2498 perutoris
629 2393 735 2470 micbi
762 2393 980 2494 presentetis
1005 2401 1164 2468 restrum
1191 2400 1327 2490 portem
1353 2387 1451 2490 opidi
1472 2387 1627 2490 predicti
1651 2388 1700 2468 od
1723 2415 1852 2468 monus
1876 2391 2113 2492 imperatoris,

425 2501 509 2601 quie
534 2499 567 2574 si
592 2520 661 2572 vos
686 2509 811 2574 vestro
843 2519 930 2571 vero
965 2492 1106 2570 doudno
1137 2491 1376 2585 hereditario,
1409 2491 1584 2570 videlieet
1612 2493 1834 2594 imperatori,
1871 2496 2114 2596 opponeretis,

424 2615 509 2678 tunc
535 2603 629 2676 bono
654 2597 816 2675 feodalis
841 2600 887 2674 ub
913 2596 1132 2676 hereditario
1157 2594 1299 2672 domiuo
1324 2594 1529 2697 pendeucio
1555 2594 1603 2672 de
1623 2600 1709 2694 jure
1725 2596 1929 2697 perderetis
1954 2623 2022 2698 per
2045 2599 2113 2674 be—

424 2695 586 2780 reditorii
617 2703 731 2776 vestri
764 2699 894 2776 domiui
924 2701 1210 2800 opposicionem,
1243 2723 1323 2776 curn
1356 2723 1429 2798 ego
1462 2723 1513 2776 ex
1538 2703 1649 2798 jussu
1683 2700 1801 2799 ipsius
1832 2699 1892 2778 bic
1923 2702 2047 2778 existo
2077 2715 2116 2778 et

425 2806 541 2906 ipsius
567 2801 735 2878 mendeto
760 2803 844 2878 volo
869 2803 1007 2878 bebere
1033 2801 1166 2880 dictum
1192 2798 1333 2902 opidum
1360 2811 1549 2880 utcontra
1580 2827 1637 2880 nte
1662 2799 1794 2880 dimum
1822 2801 1963 2904 opn'dnm
1990 2817 2114 2882 benere

987 2905 1089 3084 ut
1111 2905 1340 3084 tutu
1356 2908 2112 3088 munuum

546 3063 556 3102 ‚
934 3063 943 3081 .

381 3175 388 3186 ,
425 3125 567 3190 utentes
593 3110 767 3201 dominos,
793 3111 935 3203 milites,
962 3111 1162 3210 armigeros
1187 3123 1225 3187 et
1249 3111 1343 3187 elios
1369 3111 1548 3210 quoslibet
1578 3111 1614 3186 in
1641 3109 1740 3188 dicto
1762 3113 1930 3190 exercitu
1957 3137 2113 3214 congre-

425 3231 534 3318 gntus
559 3239 669 3316 super
694 3212 838 3315 opidum
863 3211 1123 3315 supradictum:
1151 3214 1357 3306 ,durissimi
1375 3212 1521 3290 domiui!
1546 3216 2006 3314 preteeti-urrunnun,
2034 3243 2113 3304 eum

425 3319 588 3396 domiuus
615 3317 690 3394 dux
716 3341 766 3393 ex
791 3327 893 3418 porte
919 3315 1050 3392 domiui
1076 3317 1189 3393 nostri
1211 3317 1437 3416 imperatoris
1460 3327 1616 3392 uestrum
1640 3327 1778 3417 portem
1802 3317 1900 3419 opidi
1918 3319 2113 3396 Grotko·

425 3421 602 3498 niensis
627 3420 798 3521 postulet,
825 3424 931 3518 eujus
957 3418 1135 3496 mandetis
1160 3420 1428 3520 omnitempore
1445 3419 1607 3496 velumus
1629 3418 1790 3512 obedire,
1817 3420 1867 3498 od
1892 3447 2018 3498 monus
2044 3421 2113 3500 do·

425 3525 507 3600 mini
533 3525 644 3598 bostri
668 3523 892 3622 imperatoris
916 3535 1071 3600 nostrum
1098 3533 1235 3624 perlem
1253 3519 1340 3600 dicti
1366 3519 1474 3624 opidi,
1499 3534 1687 3623 postquem
1712 3521 1811 3600 niun
1835 3549 1924 3602 esse
1949 3550 2018 3602 non
2043 3551 2112 3627 po-

426 3637 518 3716 test,
546 3625 651 3700 vobis
675 3634 962 3725 presentamus.“
1722 3639 1726 3646 '

530 3725 653 3828 Super
682 3727 809 3825 quibus
842 3727 1001 3804 cuntibus
1035 3739 1072 3806 et
1104 3727 1257 3826 siugulis
1290 3728 1502 3828 prescriptis
1535 3725 1716 3828 sepedicti
1742 3727 1873 3806 domiui
1898 3732 2064 3808 mrrouioi
2089 3756 2114 3807 s

426 3855 484 3910 ne
512 3831 652 3906 notorie
685 3829 828 3930 publico
859 3831 1064 3931 subscripto
1097 3829 1169 3906 boe
1199 3855 1354 3930 presens
1381 3831 1437 3908 eis
1462 3830 1541 3906 fieri
1566 3831 1753 3930 pecierunt
1776 3832 1954 3932 poblicum
1977 3835 2113 3910 instru-

425 3945 590 4010 mentum.
642 3935 744 4010 Acts
768 3941 851 4006 suut
874 3932 945 4008 bec
970 3957 1081 4023 urso,
1107 3931 1330 4025 indiccione,
1357 3931 1499 4025 diebus,
1525 3957 1662 4024 meuse,
1689 3934 1788 4010 boris
1814 3947 1853 4012 et
1875 3935 1959 4012 loeo
1983 3939 2113 4036 qrn'bns

426 4060 548 4136 supro,
574 4035 804 4136 presentibus
829 4033 1095 4124 honorabilibus
1121 4049 1159 4112 et
1183 4036 1364 4114 sturnus
1390 4036 1488 4128 viris,
1520 4033 1672 4114 dominis
1695 4038 1723 4114 J
1729 4037 1902 4114 obsuue
1922 4039 2111 4138 noges,

426 4139 614 4214 Jsrecio
640 4136 689 4214 de
714 4138 946 4235 Pogrclle,
972 4139 1275 4216 Beunsebose
1301 4139 1487 4230 Seckil,
1514 4139 2111 4241 lleynezonedelluguricz,

425 4239 657 4338 llortuugo
684 4238 1060 4317 dePetirswotlde
1087 4241 1264 4333 militibus,
1291 4267 1430 4320 necnon
1447 4243 1761 4332 Wesserrolte,
1787 4244 1994 4322 Jobnurne
2021 4244 2112 4321 Ad-

425 4342 781 4443 uo'coticopitoueo
799 4343 1007 4431 Niseusi‚
1022 4341 1262 4442 Segbordo
1282 4343 1530 4437 Prsecbod,
1558 4344 1769 4425 Conrado
1788 4345 1837 4422 de
1855 4349 2111 4438 Punowicu,

427 4442 627 4522 Nicoloo
669 4444 1013 4537 Wocuenrode,
1072 4445 1217 4522 Poulo
1261 4447 1603 4541 Wocuenrode,
1657 4447 1867 4527 Conrado
1909 4450 2111 4542 Plessil,

427 4543 736 4646 lleyucuoone
769 4546 818 4623 de
844 4547 1214 4626 Bisclnol'swolde
1252 4561 1292 4628 el
1315 4551 1526 4630 Jobeuue
1551 4553 1714 4628 Berow
1737 4577 1786 4629 oc
1811 4551 1929 4629 mnlb's
1954 4553 2038 4630 eliis
2062 4552 2113 4630 de

427 4645 590 4742 medulo
616 4647 779 4727 exercitu
804 4651 957 4729 testibus
982 4649 1032 4728 an
1157 4653 1247 4728 ‘sem

1054 4677 1393 4832 fffluutbnri
1426 4755 1473 4834 de
1498 4756 1631 4847 Nise,
1665 4755 1824 4836 clerium
1848 4757 1982 4836 Wrot.
2014 4756 2112 4860 dyo·

429 4846 553 5020 ξιίῗῐέ
579 4853 749 5022 publicus
769 4855 941 5032 imperpoli
967 4858 1383 5035 auctoritqqqnotorius,
1418 4857 1662 5038 oefflilllmi·
1679 4873 1717 4934 et
1737 4859 2112 5038 lriespousionietdnod

605 4975 708 5026 οιιιιιιι
739 4981 875 5055 impero
889 4981 961 5032 ous
995 4982 1127 5058 pressu
1189 4981 1260 5036 noun
1290 4982 1338 5035 ne
1371 4981 1449 5036 omn
1629 4983 1736 5061 mom!
1763 4987 1784 5040 s
1815 4985 2004 5063 prmssrs
2079 4989 2112 5037 m
