4524 5770
312 527 318 536 '
380 547 430 622 aa
963 547 1175 620 cremum.
1234 547 1328 618 xm.
1361 547 1480 618 xrrr.

380 753 436 830 cis
460 749 715 849 B(oleslai)
743 759 825 826 snut
847 759 1021 852 accepta,
1049 747 1142 826 dom.
1169 747 1244 826 dux
1270 749 1445 852 episcopo
1477 761 1515 828 et
1540 752 1679 828 nunciis
1704 757 1786 853 ejus
1804 752 1958 828 assistet
1975 753 2069 830 bona

378 854 453 933 ude
471 853 601 930 odilla
617 851 877 956 recuperanda.

483 960 532 1036 llt
556 969 674 1036 autem
699 959 815 1033 omnia
838 957 1004 1060 superius
1030 957 1210 1032 nominata
1227 957 1403 1034 faciamus
1421 955 1637 1058 diligencius
1655 983 1724 1036 nec
1743 959 1861 1058 aliquo
1879 958 2067 1054 violemus,

377 1063 595 1166 prestitimus
618 1087 728 1164 suuper
750 1062 821 1138 hoc
847 1061 1081 1164 corporaliter
1097 1067 1352 1162 juramentum,
1379 1061 1579 1138 voluntarie
1613 1063 1729 1138 eciam
1755 1063 1977 1139 subicientes
1999 1086 2068 1138 nos

379 1167 584 1246 cohercioni
603 1163 768 1268 ejusdem
787 1166 963 1270 episcopi,
991 1191 1059 1241 nou
1076 1177 1286 1268 reputantes
1304 1167 1407 1241 nobis
1424 1165 1586 1267 iujuriam
1602 1167 1693 1258 fieri,
1712 1167 1744 1241 si
1761 1165 1855 1242 idem
1875 1165 1967 1242 dom.
1986 1167 2067 1268 epi-

379 1295 515 1372 scopus
540 1269 590 1346 ad
616 1271 935 1347 conservaciouem
960 1270 1236 1372 prescriptomrm
1258 1294 1409 1371 uesper
1435 1269 1657 1346 sentenciam
1681 1271 2068 1347 excommunicacionis

379 1373 582 1476 compellat,
601 1372 825 1476 spondentes
842 1375 1102 1466 nichilominus,
1121 1372 1217 1475 quod
1234 1375 1345 1450 irater
1362 1385 1485 1451 noster
1502 1371 1922 1466 dom.Wlodinlaus,
1941 1375 2066 1450 Wis-

379 1504 430 1559 se
474 1476 689 1556 radeusis
706 1480 924 1580 prepositus,
953 1481 1010 1580 qui
1028 1503 1120 1557 nunc
1139 1489 1198 1554 est
1216 1479 1363 1572 absens,
1389 1477 1461 1558 hec
1480 1478 1596 1554 omnia
1612 1491 1692 1554 rata
1710 1491 1748 1554 et
1763 1478 1863 1554 fimta
1879 1479 2013 1554 habeat
2030 1491 2069 1556 et

378 1503 498 1686 sigillo
516 1608 583 1658 suo
602 1583 795 1660 consumet.
836 1581 1076 1660 Promittimus
1095 1583 1209 1660 eciam
1227 1583 1418 1658 restituere
1436 1581 1516 1658 sine
1534 1579 1714 1658 dilacione
1733 1581 1849 1657 oruuia
1864 1583 2067 1684 privilegia,

378 1712 447 1787 que
464 1687 577 1764 frater
593 1695 718 1762 noster
734 1701 932 1787 acceperat
949 1689 994 1762 ab
1015 1685 1179 1764 ecclesia
1195 1685 1328 1760 Wrat
1339 1685 1595 1764 islavicnsi.
1644 1685 1882 1762 Promittimus
1899 1697 2069 1790 preterea

297 1877 302 1893 ,
378 1791 569 1868 autoritate
593 1787 775 1892 sepedicti
800 1790 1061 1892 B(oleslai)
1088 1789 1209 1864 fratris
1234 1791 1345 1865 nostri
1373 1786 1603 1866 omnimodam
1626 1789 1825 1867 libertatem
1843 1791 1889 1866 ab
1908 1791 2068 1892 angariis
2178 1815 2183 1828 ·

378 1906 415 1972 ct
439 1895 686 1995 perangariis,
713 1891 862 1993 preuod,
888 1919 1024 1996 pouon,
1053 1905 1191 1986 strosa,
1220 1907 1320 1988 stan,
1349 1905 1386 1969 et
1409 1895 1569 1969 omnibus
1588 1893 1682 1988 aliis,
1714 1897 1982 1996 quibuscunque
2000 1919 2068 1970 uo-

377 1999 527 2074 ruiuibus
545 2009 773 2090 censeantur,
797 1997 893 2073 villis
912 2007 949 2074 et
972 1997 1169 2072 hominibus
1195 2023 1216 2072 e
1241 1997 1358 2098 iscopi
1381 1997 1416 2072 iu
1442 2009 1538 2073 terra
1562 1994 1668 2074 ducis
1694 1997 1952 2098 Btoleslai)
1977 2023 2067 2077 cou-

377 2103 523 2196 stitutis,
551 2102 632 2178 sive
650 2102 722 2176 siut
739 2101 936 2206 ascripticii
954 2102 1034 2178 sire
1052 2101 1166 2178 liberi.
1202 2023 1330 2176 dunis
1354 2111 1473 2176 autem
1483 2099 1628 2202 judicia
1652 2103 1687 2178 in
1712 2101 1808 2178 villis
1825 2101 1999 2206 predictis
2017 2099 2068 2178 ad

378 2203 553 2282 domiuum
579 2204 788 2306 episcopum
813 2205 1049 2308 pertinebunt,
1077 2205 1246 2307 exceptis
1270 2205 1394 2280 causis
1419 2205 1618 2304 sanguinis,
1646 2205 1843 2310 inquibus,
1869 2207 1903 2280 iu
1928 2207 2068 2308 signum

378 2307 537 2404 dominii,
563 2307 676 2386 trater
698 2319 822 2384 noster
844 2309 914 2386 sibi
937 2311 1084 2386 tercium
1110 2307 1292 2385 denarium
1324 2309 1489 2385 retinebit
1515 2320 1552 2386 et
1575 2306 1778 2388 advocatus
1809 2310 1932 2385 fratris
1956 2311 2069 2388 nostri

377 2434 514 2490 causas
532 2413 719 2514 sanguinis
730 2409 919 2514 judicabit.
947 2411 1137 2492 Collectas
1161 2411 1276 2490 eciam
1301 2411 1370 2488 sibi
1391 2411 1552 2488 homines
1578 2413 1742 2521 episcopi
1760 2439 1828 2490 nou
1847 2413 1994 2508 facient,
2021 2437 2068 2492 eo

378 2529 549 2620 excepto,
568 2516 665 2618 quod
681 2513 731 2593 ad
749 2517 939 2594 collectam
958 2518 1145 2596 conserent
1160 2515 1478 2620 proporcioualiter
1503 2541 1582 2593 cum
1599 2530 1707 2611 terra,
1727 2517 1760 2594 si
1777 2515 1907 2595 ducem
1925 2529 2068 2624 captum

376 2621 438 2697 rel
457 2633 614 2698 castrum
631 2619 757 2698 redimi
776 2622 966 2722 contigerit
982 2619 1044 2698 rel
1063 2623 1247 2698 exercitus
1265 2619 1409 2713 sorcior,
1437 2621 1484 2696 sit
1501 2618 1550 2697 de
1574 2633 1671 2698 terra
1695 2647 1761 2724 per
1783 2623 1971 2725 pecuniam
1988 2648 2067 2698 am-

376 2721 586 2801 monendus.
613 2727 720 2802 Hanc
738 2735 857 2802 autem
873 2725 1074 2802 libertatem
1093 2725 1252 2802 obtinere
1269 2723 1466 2800 homiuibus
1485 2747 1507 2800 e
1532 2726 1668 2828 iscopi
1693 2725 1897 2802 romittimus
1919 2739 1956 2804 et
1976 2749 2067 2803 cou-

375 2827 506 2904 firmari
519 2829 554 2904 iu
568 2841 775 2932 perpetuum
788 2855 854 2930 per
865 2829 1089 2934 privilegium
1103 2829 1225 2905 fratris
1237 2827 1348 2905 nostri
1362 2827 1467 2904 ducis
1476 2751 2066 2932 (douradffilogoviensis.

375 2931 460 3010 Hoc
479 2933 595 3008 omnia
611 2933 758 3009 valeant
782 2959 846 3036 pro
871 2933 974 3012 nobis
993 2945 1030 3010 et
1047 2933 1179 3009 nostris
1198 2933 1477 3010 successoribus
1503 2947 1539 3009 et
1562 2933 1814 3011 inviolabiliter
1831 2935 2068 3011 observentur

376 3047 415 3114 et
430 3062 495 3140 pro
514 3035 607 3112 dom.
622 3036 793 3114 Thomu
810 3039 984 3140 episeopo
1004 3049 1041 3114 et
1058 3038 1135 3113 suis
1154 3037 1443 3114 successoribus
1468 3035 1509 3111 ln
1529 3063 1671 3136 quorum
1689 3039 1794 3114 robur
1812 3051 1849 3114 et
1865 3039 2067 3115 memoriam

374 3153 580 3248 presentem
597 3141 734 3219 literam
754 3141 885 3242 sigillis
903 3153 1037 3234 nostro,
1066 3153 1104 3219 et
1126 3140 1248 3218 fratris
1265 3141 1377 3217 nostri
1403 3138 1530 3217 domini
1556 3139 1661 3217 ducis
1677 3139 1884 3218 Wlodinlai
1900 3141 2067 3220 duximus

279 3297 282 3305 .
375 3243 621 3322 roborandam.
648 3248 781 3324 Actum
795 3245 941 3348 Nyse‚
968 3248 1003 3321 in
1023 3243 1127 3321 domo
1146 3245 1357 3348 episcopali,
1377 3270 1469 3321 anno
1488 3241 1618 3320 domiui
1635 3243 1834 3338 ΜΟΟΙιΧ,
1858 3245 1964 3322 Vlll.
1982 3245 2065 3322 idus

375 3345 518 3440 Marcii,
570 3352 773 3427 resentibus
797 3349 1010 3426 castellanis
1034 3351 1179 3441 nostris,
1207 3351 1336 3426 comite
1353 3349 1380 3425 J
1387 3371 1534 3426 axone
1553 3347 1600 3425 de
1618 3349 1921 3428 Wratislauia
1945 3361 1981 3428 et
1998 3375 2065 3428 co·

376 3452 459 3528 mite
482 3376 693 3529 delarue
729 3449 777 3528 de
811 3451 994 3529 Rechen
1030 3464 1067 3528 et
1102 3454 1230 3529 comite
1256 3451 1454 3529 Nicolao
1479 3449 1527 3528 de
1554 3450 1824 3548 Sandowel,
1860 3453 2065 3532 Radalao

375 3554 577 3656 Dremlig
600 3567 637 3631 et
662 3555 941 3634 Wilchcouc
959 3555 1008 3632 de
1027 3553 1176 3632 Sosuo
1200 3555 1367 3631 militibus
1392 3567 1428 3632 et
1450 3557 1622 3656 magistro
1641 3557 1867 3653 (lanuino,
1894 3561 1975 3638 item
1995 3555 2066 3635 do·

375 3657 466 3735 mino
491 3657 722 3758 Boguslao
756 3655 1012 3735 archidiacono
1036 3659 1190 3752 Wrat,
1224 3661 1396 3760 magistro
1416 3657 1649 3764 Stephano
1668 3659 1925 3742 archidiacono
1950 3663 2065 3768 Opo-

374 3761 514 3840 liensi
533 3773 570 3840 et
587 3763 705 3838 multis
723 3761 806 3838 aliis
824 3761 977 3839 testibus
995 3763 1137 3840 vocatis
1155 3759 1202 3839 ad
1220 3761 1291 3840 hoc
1310 3776 1348 3841 et
1363 3763 1513 3866 rogatis

1152 4207 1281 4298 xlll.

431 4395 566 4493 leterici
588 4397 645 4474 iii,
666 4399 776 4476 terror
798 4367 1025 4464 ror'lchloalon
1047 4397 1202 4473 (breslau),
1226 4401 1414 4480 mtrohtttrt
1435 4399 1663 4463 miroslaum
1683 4401 1862 4479 bomoapttol
1884 4401 1932 4466 ltr
1953 4401 2000 4465 llo

655 4501 823 4564 tentalum
844 4518 899 4564 ron
921 4500 1033 4564 solnon
1054 4503 1162 4564 trater
1182 4501 1334 4562 ltoloalrm
1357 4499 1391 4562 11.
1414 4501 1591 4583 arramato!
1611 4503 1796 4603 tortusue..
1910 4598 1913 4607 Ι

691 4676 695 4691 =
815 4654 894 4740 le'bp
911 4655 987 4722 aher
1003 4655 1197 4722 prtvuegtem
1214 4655 1382 4720 episcopatu
1397 4655 1484 4710 Wrat.
1499 4656 1546 4708 at
1560 4649 1621 4710 396.
1691 4666 1694 4679 ·

477 4783 561 4860 Nos
578 4783 826 4880 llenricus,
852 4784 888 4861 d.
908 4811 962 4888 gr.
982 4787 1059 4864 dux
1075 4787 1250 4880 Slesie,
1277 4789 1436 4866 omnibus
1460 4803 1663 4893 presentem
1690 4793 1829 4871 literam
1845 4795 2070 4898 inspecturis

373 4897 493 4966 nomm
510 4913 599 4972 esse
615 4888 779 4978 volumus
797 4901 835 4977 ct
851 4890 921 4976 hiis
937 4892 1052 4975 literis
1068 4903 1327 4996 protestamur,
1341 4891 1438 4994 qnod
1455 4919 1566 5000 snper
1582 4893 1746 4999 brumis
1763 4909 1803 4977 et
1816 4898 1965 5000 injuriia
1992 4923 2070 4998 oue

373 4989 532 5093 pluribus
563 4993 754 5071 retroactis
783 4994 886 5071 annis
916 4995 1065 5074 illustris
1094 4994 1170 5073 dux
1200 4995 1472 5092 nolentum,
1509 4997 1624 5078 frater
1650 5013 1790 5079 uorten-
1809 4999 2071 5080 Wratisla-
