4524 5770
943 528 965 578 n
1016 499 1435 582 ,dlrhundcnntlaffl

1012 825 1018 836 ·
1089 863 1093 874 .
1170 801 1315 940 nnn

265 1035 341 1106 ltro,
419 1033 541 1096 noran
563 1031 612 1104 ΙΙ..
639 1029 758 1092 ornetur
777 1042 833 1094 roa
854 1029 1055 1092 munr'mr
1073 1027 1144 1090 tota
1163 1027 1389 1104 domuum·
1410 1031 1469 1094 ut
1490 1027 1600 1106 bernes
1621 1027 1756 1094 mutuo
1778 1028 1820 1094 n.
1842 1043 1898 1094 m
1919 1029 2068 1094 mmo·

247 1109 288 1164 ¹⁰·
299 1112 370 1162 Μ·
419 1135 554 1206 rmnu.
582 1132 781 1198 mon·
806 1132 969 1197 omnen
984 1130 1217 1199 wemno
1245 1141 1297 1194 ιιι
1312 1131 1540 1208 manuring
1566 1133 1648 1198 urat
1672 1132 1900 1208 reomaus
1927 1133 1985 1194 ιιι
2005 1145 2067 1194 m·

583 1236 739 1311 smmum,
762 1234 828 1296 oon
848 1235 939 1299 urta
960 1233 1092 1309 branta
1106 1233 1156 1294 tet
1174 1233 1256 1297 roto
1277 1233 1361 1296 Ιιιι
1380 1233 1490 1299 onnon
1512 1234 1608 1298 utun
1629 1248 1667 1296 au
1687 1235 1895 1312 utuuorton

851 1385 930 1434 Liber
945 1385 1022 1452 niger
1040 1383 1233 1460 privilegiorum
1252 1385 1391 1447 episcopat.
1409 1385 1495 1435 Wrst.
1512 1386 1559 1435 tol.
1576 1379 1637 1436 tte.

500 1523 541 1598 ln
557 1521 685 1600 nonini
704 1519 844 1601 domiue
863 1543 978 1597 amca.
1007 1519 1115 1597 Anno
1139 1519 1337 1598 nabvitatis
1365 1517 1528 1620 ejusdem
1545 1519 1948 1623 MCC-septuagesimo
1963 1533 2087 1612 sexto,

395 1624 599 1712 indiccione
617 1639 755 1725 quarta,
768 1623 845 1702 dic
860 1621 1043 1716 Mercurii,
1070 1621 1210 1702 dec'uno
1234 1625 1388 1702 intrante
1405 1649 1531 1702 mense
1546 1626 1657 1718 Junii,
1684 1651 1764 1704 cum
1780 1625 1851 1702 hoc
1870 1639 1974 1704 esset
1991 1623 2088 1726 quod

395 1732 444 1808 lis
459 1743 497 1808 et
514 1726 702 1808 discordia
719 1741 759 1806 et
774 1727 914 1827 questio
933 1739 1134 1807 uerteretur
1149 1727 1499 1808 inter-venerabilem
1516 1741 1665 1832 patrem,
1690 1727 1781 1806 dom.
1804 1729 2009 1808 Thomcm
2027 1753 2085 1832 ep

396 1835 531 1910 Wrat.
566 1843 602 1910 et
626 1829 882 1912 Conredunr
911 1831 1146 1931 prepositum,
1179 1831 1421 1910 Nicolaum
1440 1831 1876 1936 deminutionemque)
1896 1833 2086 1936 capitulum

396 1939 534 2014 Wrat.
552 1937 716 2014 ecclesie
734 1936 873 2012 nomine
890 1934 1126 2036 episcopatos
1151 1947 1196 2012 et.
1213 1935 1360 2038 capituli
1386 1961 1435 2012 ex
1458 1963 1530 2013 una
1552 1949 1668 2040 parte,
1696 1951 1734 2016 et
1757 1937 1931 2018 illustrem
1952 1937 2086 2040 priuci-

395 2067 488 2146 pem‚
516 2039 608 2116 dom.
627 2039 869 2116 Henricum
887 2035 1191 2159 ducemSlesie
1216 2051 1255 2118 et
1276 2035 1533 2134 dom..Wrat.,
1560 2044 1729 2134 barones,
1756 2041 1886 2119 milites
1911 2054 1950 2120 et
1971 2041 2110 2118 bomi··

273 2257 302 2322 (t
322 2253 359 2316 1.)
395 2171 463 2223 nes
481 2141 1541 2348 elllisrlblibelxsbbtdrmdedildibribibbtissfflblnssublrllblildsipsi
1559 2246 1652 2324 dom.
1672 2248 1838 2326 'l'bome
1856 2249 2030 2350 episcopo
2048 2263 2086 2325 et

396 2353 552 2456 capitulo
571 2351 733 2428 ecclesie
750 2351 887 2426 Wrat.
908 2361 945 2426 et
970 2350 1086 2428 eciam
1112 2375 1223 2452 super
1254 2349 1405 2428 decimis
1434 2352 1469 2426 in
1494 2363 1675 2452 posterum
1708 2351 1915 2454 prestandis
1947 2350 2084 2430 eisdem

396 2470 434 2536 et
452 2455 677 2560 episcopatui
694 2467 732 2532 et
749 2455 913 2532 ecclesie
930 2451 1152 2556 supradicte.

274 2583 302 2648 (u
319 2579 362 2642 s.)
498 2561 600 2652 nem,
618 2583 728 2660 super
745 2559 912 2636 collectis
935 2559 1015 2634 sive
1033 2558 1149 2636 talliis
1168 2571 1206 2636 et
1222 2558 1482 2639 exacciouibus
1500 2559 1610 2636 laetis
1629 2572 1666 2638 et
1682 2559 1847 2662 inpositis
1872 2572 1910 2635 et
1930 2561 1990 2636 exi
2020 2585 2086 2636 en-

397 2664 455 2742 dis
482 2677 518 2741 et
541 2661 763 2765 imponendis
788 2687 853 2763 per
874 2661 1050 2764 prelatum
1073 2660 1165 2738 dom
1190 2657 1319 2744 ducem
1344 2663 1586 2742 Henricum
1609 2665 1655 2740 ab
1681 2663 1878 2742 hominibus
1905 2584 2085 2742 sprideli-

396 2773 464 2848 bus
480 2769 596 2870 ipsius
615 2766 708 2847 dom
727 2766 897 2868 episcopi·
908 2765 1127 2844 etecclesie
1145 2767 1281 2842 Wrat.
1717 2845 1722 2856 ,
1820 2807 1825 2818 ·
2059 2811 2064 2820 ·

274 2894 302 2960 (u
321 2890 360 2952 n.)
496 2875 599 2966 item,
627 2896 737 2973 super
754 2871 845 2946 omni
863 2895 921 2960 eo,
939 2867 1035 2970 quod
1050 2869 1133 2970 ipse
1151 2867 1245 2946 dom.
1265 2867 1340 2946 dux
1356 2895 1425 2944 suo
1443 2869 1582 2946 nombre
1601 2885 1638 2948 et
1655 2869 1793 2949 nomine
1811 2870 1924 2972 patris
1943 2872 1998 2946 sui
2014 2896 2082 2952 seu

396 2977 487 3058 dnm.
504 2975 773 3066 Wlodislai,
798 2974 914 3075 patrui
931 2973 999 3064 sui,
1019 2971 1130 3074 debet
1144 2973 1216 3076 ipsi
1234 2969 1327 3050 dom.
1345 2974 1520 3076 episcope
1538 2985 1577 3052 et
1593 2973 1819 3078 episcopatui
1836 3001 1903 3054 seu
1922 2973 2083 3054 ecclesie

395 3084 531 3158 Wrat
548 3083 586 3158 in
602 3082 710 3160 rebus
728 3079 914 3156 mobilibus
932 3077 994 3156 vel
1010 3077 1245 3156 cstimaciune
1262 3079 1487 3180 ipsarum-ex
1505 3103 1715 3180 quacunque
1733 3104 1859 3157 causa.

276 3203 304 3270 (t
322 3203 361 3266 t.)
497 3187 605 3277 ltem,
631 3207 743 3285 super
764 3182 986 3259 stacionibus
1010 3206 1077 3258 scu
1101 3181 1417 3282 procuracionibus
1443 3195 1481 3258 et
1508 3181 1702 3284 hospiciis,
1730 3208 1800 3284 qne
1827 3197 1864 3260 et
1910 3206 1980 3258 aas
2002 3181 2083 3284 ipse

395 3289 488 3368 dom.
508 3288 584 3365 dux
608 3287 724 3387 exigit
748 3297 785 3362 et
811 3285 881 3361 sibi
904 3286 1058 3386 prestari
1083 3285 1173 3362 sccit
1189 3286 1223 3360 in
1242 3286 1338 3360 villis
1357 3297 1394 3361 et
1411 3286 1517 3362 terris
1536 3299 1573 3362 et
1590 3287 1636 3360 ab
1654 3287 1850 3362 bominibus
1868 3285 1902 3359 v‘
1931 3311 2030 3360 arrum
2047 3301 2084 3362 et

394 3407 566 3471 terrarum
582 3391 698 3494 ipsius
716 3387 809 3464 dom.
829 3389 993 3490 episcopi
1010 3399 1048 3464 et
1066 3389 1316 3466 canonicorum
1334 3389 1497 3466 ecclesie
1516 3389 1651 3464 Wrat.

275 3512 305 3580 (o
321 3507 360 3570 a.)
499 3497 590 3572 Item
615 3517 726 3594 super
741 3491 850 3585 villis,
876 3493 1184 3592 possessionibus,
1211 3494 1316 3570 terris
1341 3505 1381 3571 et
1401 3491 1589 3588 lrrrctibus,
1614 3490 1826 3586 redditibus,
1853 3495 2083 3598 proventibus

396 3625 444 3678 ac
460 3595 896 3677 obvencionibusetcliis
913 3595 1018 3675 bonis
1034 3596 1220 3681 mobilibus
1236 3595 1300 3677 vel
1312 3597 1559 3690 innnobilibos,
1586 3597 1782 3674 subtractis
1799 3591 1861 3674 vel
1877 3595 2011 3675 ablatis
2027 3599 2085 3700 ip-

396 3705 450 3781 sis
469 3701 755 3802 dom-episcopo
774 3712 811 3778 et
828 3699 1014 3778 canonicis
1037 3701 1084 3778 ab
1110 3724 1156 3776 eo
1170 3710 1220 3776 te
1277 3725 1364 3792 ore,
1381 3725 1450 3802 quo
1467 3701 1555 3803 ,ipse
1573 3697 1666 3781 dom.
1695 3691 1892 3804 episcopus
1916 3713 1953 3785 et
1970 3727 2085 3780 cauo-

285 3836 361 3892 ητα.
395 3809 466 3889 nici
491 3808 714 3908 arripuerunt
735 3804 804 3880 iter
827 3799 935 3880 eundi
958 3799 1016 3878 ad·
1033 3803 1220 3883 concilium
1278 3801 1608 3904 ignorans-eb,
1637 3816 1675 3882 et
1698 3829 1808 3906 super
1825 3801 1907 3882 aliis
1924 3805 2085 3910 pluribus

395 3913 571 4003 articulis,
596 3909 772 3988 volentes·
780 3905 944 4009 predicte
966 3919 1102 4010 portes,
1129 3903 1303 3985 videlicet
1327 3907 1546 3986 venerabilis
1570 3920 1675 4010 pater
1693 3905 1794 3987 dom.
1813 3907 2007 3988 Thomas
2026 3936 2084 4014 ep.

397 4033 436 4096 et
450 4015 642 4120 capitulum
659 4011 823 4090 ecclesie
840 4011 976 4088 Wrat
994 4023 1032 4090 ct
1047 4007 1233 4112 predictus
1251 4009 1344 4088 dom.
1364 4008 1439 4088 dux
1455 4011 1701 4106 chricus‚
1726 4037 1903 4091 asserens
1919 4014 1956 4090 in
1973 4015 2085 4090 verbo

396 4123 577 4214 mitens,
606 4143 649 4196 se
666 4119 838 4216 maiorem
855 4111 1123 4216 qrraunrdeoim
1141 4115 1244 4194 anuis
1262 4127 1299 4194 ct
1316 4111 1413 4216 quod
1428 4115 1560 4192 nullum
1576 4115 1688 4194 babet
1705 4130 1916 4210 curatorem,
1945 4129 1983 4196 et
1998 4144 2085 4222 pre-

397 4223 486 4304 dicti
502 4227 658 4302 barones
676 4233 713 4300 et
731 4220 861 4303 milites
876 4217 927 4298 de
943 4217 1119 4322 predictis
1132 4219 1269 4316 litibus,
1284 4219 1529 4320 questionibus
1547 4217 1918 4299 etcontrorcrsiisad
1931 4246 2085 4302 concor-

398 4325 709 4429 diampervenire,
724 4325 965 4404 communiter
982 4336 1019 4402 et
1037 4319 1272 4402 unicorditer·
1306 4348 1346 4398 ro
1363 4325 1455 4402 bono
1472 4324 1579 4426 pacis
1597 4337 1635 4402 et
1652 4321 1860 4404 ememus.
1873 4325 2084 4430 compromi-

399 4443 522 4508 serunt
537 4432 573 4506 in
589 4432 687 4506 viros
704 4429 936 4507 venerabiles
953 4440 989 4508 ct
1007 4425 1211 4520 discretos·
1252 4427 1261 4444 ⁰
1291 4425 1401 4508 elicet
1418 4425 1584 4506 dominos
1599 4425 1851 4507 Conradnm
1866 4429 2085 4534 prepositum

398 4535 547 4624 Wrat,
573 4534 779 4633 magistrum
795 4531 1029 4607 Nicolaum
1048 4529 1728 4628 archidiaconumCracouiensem,
1756 4529 1998 4638 Mylegium
2024 4561 2085 4612 ar-

443 4813 475 4888 1)
501 4809 566 4873 Am
589 4801 777 4874 16.me
798 4803 882 4876 mi
911 4803 1095 4900 blcfficdeu
1116 4802 1247 4874 Riocbol
1264 4803 1407 4874 Thomas
1427 4803 1503 4874 dem
1523 4805 1570 4874 Pa
1608 4815 1638 4874 te
1659 4804 1915 4884 uherflciurieb
1934 4807 2002 4873 lv.:
2028 4811 2085 4894 qui

504 4885 669 4956 ecelesiam
690 4891 795 4958 Wret.
823 4903 968 4982 tempore
997 4892 1211 4984 Lugdunensis
1238 4889 1364 4958 concilii
1390 4915 1442 4957 me
1469 4891 1510 4957 de
1531 4915 1564 4956 se
1587 4915 1605 4958 e
1626 4913 1699 4957 mea
1720 4895 1835 4974 ejecto,
1861 4889 1957 4958 rebus
1978 4893 2087 4959 mobi-

503 4972 585 5040 libus
607 4985 639 5042 et
660 4971 728 5042 eliis
749 4975 867 5060 juribus
888 4975 1043 5068 spoliavit„
1086 4977 1117 5041 S.
1140 4978 1249 5042 weiter
1270 4987 1376 5058 auten,
1396 4977 1437 5042 N.
1459 4975 1571 5044 CCIX.
