4666 5768
868 504 1079 580 memsam
1135 501 1318 578 exciit.
1869 447 1943 588 idi

352 700 857 808 lta-‚mumdum
878 697 1943 812 mmmensumcmtentrmntirptroepnsmnss

250 813 426 914 episcopo
444 807 777 902 Pannonicusi,
803 806 888 909 qnia
903 807 940 886 iu
958 833 1027 888 eon
1043 805 1204 886 donnus
1222 809 1421 912 episcopus
1439 811 1690 912 compromisit.

354 947 409 1026 mr
425 973 504 1025 oum
523 945 677 1050 predicti
694 945 823 1039 nuncii,
851 947 967 1022 abbas
985 957 1025 1022 et
1047 947 1221 1044 magister
1236 947 1263 1022 J
1269 947 1452 1037 acubus,
1480 946 1529 1023 ad
1547 945 1676 1026 ducem
1694 948 1890 1028 rediissent
1906 961 1945 1028 et

249 1055 323 1128 ista
340 1074 409 1154 que
426 1051 650 1154 premisimus
667 1051 788 1126 taliter
803 1051 839 1126 in
858 1055 940 1149 ajns
958 1049 1152 1151 presencia
1169 1071 1289 1126 coram
1306 1051 1498 1126 baronibus
1526 1063 1564 1127 et
1581 1051 1663 1128 aliis
1681 1043 1944 1156 quampluribus

248 1155 435 1256 religiosis
458 1165 496 1232 et
520 1155 603 1231 aliis
629 1155 857 1246 retulissent,
902 1150 1065 1228 dominus
1091 1149 1168 1228 dux
1188 1153 1334 1254 pnblioe
1359 1151 1563 1256 respondit:
1606 1179 1729 1254 „ergo
1754 1157 1831 1232 vult
1848 1156 1942 1233 dom.

250 1260 459 1362 episcopus,
484 1255 579 1360 quud
598 1281 670 1357 ego
687 1257 873 1334 restituam
891 1267 1015 1333 castra
1032 1268 1070 1332 et
1087 1279 1211 1332 omnes
1236 1258 1497 1358 possessiones
1521 1257 1723 1359 prinsquam
1741 1251 1835 1336 dom.
1862 1263 1942 1362 epi·

250 1385 387 1465 scopus
412 1372 587 1439 retractet
613 1358 851 1438 sentencias?
894 1357 1009 1437 Certe
1032 1383 1103 1460 ego
1125 1359 1230 1435 robis
1253 1361 1326 1435 ista
1348 1385 1522 1462 nunqnam
1539 1361 1689 1462 injunxi,
1715 1387 1786 1438 uec
1803 1365 1943 1442 nunciis

249 1466 351 1557 meis,
378 1487 617 1566 necunquam
634 1466 705 1542 hoc
722 1463 936 1539 intencionia
954 1485 1033 1539 mee
1051 1463 1127 1555 luit,
1153 1461 1249 1564 qnod
1267 1487 1338 1564 ego
1356 1465 1455 1566 prius
1471 1466 1709 1557 restituerem,
1733 1489 1836 1565 quam
1855 1489 1943 1543 sen-

248 1570 369 1648 tencie
385 1577 717 1660 retractarentur,“
744 1575 782 1643 et
797 1565 892 1643 idem
916 1565 1085 1642 dixerunt
1107 1567 1252 1668 publica
1277 1567 1370 1646 dom.
1394 1567 1685 1645 Bernhardns
1710 1579 1748 1646 et
1771 1569 1945 1668 magister

248 1671 514 1751 Ludwicns.
558 1670 854 1748 circummunit
878 1671 989 1746 nostri
1013 1694 1134 1746 coram
1159 1671 1241 1772 ipso
1265 1669 1362 1748 duce
1385 1670 1565 1749 dicerent:
1592 1671 1770 1766 „domine,
1798 1670 1942 1773 quando

167 1867 168 1872 Ἰ
248 1777 352 1852 nobis
369 1787 408 1853 et
422 1775 558 1854 vestris
575 1775 715 1852 nunciis
731 1774 938 1874 injunxistis
955 1774 1194 1874 legacionem,
1213 1775 1327 1850 risum
1342 1775 1408 1850 luit
1422 1776 1525 1852 nobis
1538 1777 1697 1852 omnibns
1711 1785 1749 1853 et
1762 1773 1944 1853 credeba-

248 1903 340 2060 gppl,
362 1877 463 2058 puod
479 1878 725 2056 isppintepcio
742 1877 993 2056 restratsnprit
1010 1889 1055 2055 ett
1064 1877 1243 2056 uolpptas,
1271 1875 1377 2057 prropdd
1384 1880 1501 2002 omnip
1517 1879 1616 2056 ppos
1633 1889 1944 2060 mmmpfoemuffi:

388 2007 437 2057 ux
468 2009 514 2083 pn
552 2005 612 2059 rce
666 2005 712 2057 oc
736 2003 869 2081 negem
909 2003 931 2058 e
971 2005 1038 2083 pos
1076 2007 1131 2055 mu
1162 2005 1326 2081 a,1nqu
1379 2005 1435 2058 am
1453 2009 1543 2085 srmp
1558 2005 1655 2060 ncnc
1777 2005 1823 2060 oc
1840 2007 1886 2059 no
1950 2013 1953 2025 ·

250 2087 355 2162 misit.
904 2100 910 2106 '

353 2219 398 2298 st
414 2219 491 2296 uult
508 2245 645 2297 mecum
664 2217 887 2298 concordare
906 2217 997 2298 dom.
1016 2221 1225 2324 episcopus,
1251 2218 1343 2297 dom.
1364 2219 1560 2326 episcopus
1578 2221 1650 2299 boc
1667 2221 1793 2299 iaciat.
1844 2219 1944 2298 Sen-

249 2323 392 2401 tencias
410 2324 1077 2426 excommunicacionis,suspensionis
1095 2350 1161 2402 seu
1180 2323 1361 2402 interdicti
1377 2323 1411 2400 in
1426 2350 1658 2428 quascunque
1671 2323 1849 2428 personas
1863 2326 1944 2404 sire

248 2427 344 2517 loca,
372 2437 582 2530 quocunque
609 2425 714 2504 modo
740 2425 914 2530 prolatas,
943 2427 1023 2504 sive
1041 2433 1145 2528 juste
1173 2427 1244 2503 sint
1270 2429 1351 2506 sive
1369 2427 1522 2530 injuste,
1548 2429 1692 2532 penitus
1716 2453 1942 2527 revocamus,

250 2529 465 2623 adicientes,
491 2543 530 2606 ut
547 2531 579 2606 si
599 2556 749 2632 unquam
766 2531 801 2606 in
814 2529 955 2632 judicio
975 2533 1121 2632 abjecte
1139 2531 1270 2608 inerint
1286 2533 1417 2608 nullius
1435 2533 1573 2608 omnino
1592 2534 1663 2608 sint
1679 2533 1828 2634 vigoris.
1856 2533 1945 2608 Alia

250 2632 308 2714 eni
319 2631 458 2736 adjecit
474 2635 682 2738 prepositus
695 2633 1124 2712 Wratizlauiensis:
1143 2637 1352 2712 sentencias
1369 2636 1766 2730 excommunicacionis,
1785 2661 1943 2738 suspeu-

250 2739 364 2814 sionis
383 2764 449 2815 sen
467 2735 659 2830 interdicti,
684 2740 720 2814 in
738 2763 971 2838 quascunque
988 2763 1167 2840 personas
1186 2738 1266 2814 sive
1283 2739 1368 2815 loca
1385 2739 1532 2818 racione
1549 2741 1748 2840 questionis
1766 2765 1836 2841 qne
1852 2741 1945 2816 inter

249 2867 315 2918 nos
335 2854 372 2919 et
390 2840 482 2918 dom.
500 2841 551 2918 ill.
571 2839 699 2920 ducem
717 2841 1153 2920 Wratizlauieusem
1176 2851 1260 2944 post
1285 2841 1572 2946 appellaoiouem
1594 2845 1840 2945 interpositam
1857 2868 1943 2946 pro-

248 2945 357 3039 latas,
384 2947 528 3048 penitus
545 2971 777 3040 revocamus,
804 2943 1023 3038 adicientes,
1051 2957 1088 3020 nt
1106 2947 1138 3020 si
1157 2944 1298 3046 quando
1322 2943 1511 3046 injudicio
1529 2948 1676 3046 objecta
1694 2947 1835 3037 suerint,
1862 2945 1943 3020 nul·

249 3049 319 3123 lius
345 3049 483 3124 omuino
507 3049 579 3124 sint
605 3049 754 3149 vigoris.
798 3049 852 3124 Et
878 3047 1100 3151 postmodnm
1125 3047 1217 3122 dixit
1243 3045 1334 3124 dux:
1362 3073 1456 3142 „uos
1480 3059 1569 3140 tres,
1597 3048 1738 3124 domine
1763 3059 1889 3125 cantor
1907 3059 1945 3124 et

251 3151 561 3250 Legnicensis
593 3163 631 3228 et
657 3149 1017 3230 Lanchiciensis
1048 3147 1311 3242 archidiaconi,
1352 3150 1590 3228 intromittatis
1623 3176 1692 3226 vos
1717 3149 1765 3226 de
1797 3151 1942 3244 castris,

250 3253 548 3356 possessionibus
567 3267 604 3331 et
622 3253 785 3346 decimis,
811 3257 863 3332 ita
880 3267 1010 3348 tamen,
1029 3252 1124 3354 qnod
1143 3253 1236 3330 dom.
1255 3255 1452 3356 episcopus
1468 3263 1642 3331 retractet
1658 3253 1869 3330 sentencias
1886 3254 1944 3327 in-

252 3357 309 3432 ira
326 3355 592 3458 quatuordecim
612 3357 705 3452 dies,
724 3359 878 3460 alioquin
896 3357 969 3434 ista
987 3359 1103 3434 omnia
1119 3357 1226 3435 michi
1243 3357 1481 3434 restituetis.“
1513 3355 1567 3434 Et
1582 3357 1654 3460 ipsi
1666 3353 1944 3458 respondenrnt:

251 3457 431 3556 „domine,
457 3461 529 3538 hoc
547 3462 649 3536 uobis
666 3487 735 3538 non
755 3477 813 3539 est
834 3461 1070 3554 commissum,
1098 3486 1167 3539 nec
1186 3488 1210 3536 a
1226 3461 1331 3537 vobis
1350 3472 1408 3539 est
1424 3459 1609 3564 petitum.“
1652 3459 1705 3536 Et
1721 3457 1945 3562 postmodum

252 3561 346 3640 dixit
370 3560 462 3638 dux:
491 3561 609 3654 ,‚dom.
637 3566 833 3667 episcopus
861 3566 1052 3642 conveniat
1076 3590 1211 3642 mecum
1235 3565 1269 3640 in
1294 3563 1413 3666 aliquo
1436 3563 1520 3644 loco
1545 3563 1785 3667 personaliter
1809 3574 1847 3640 et
1873 3587 1944 3663 ego

251 3667 423 3770 prestabo
451 3665 519 3742 sibi
543 3669 773 3746 securitatem
805 3667 1037 3744 omnimodam
1069 3671 1136 3744 sub
1161 3669 1293 3770 sigillis
1317 3667 1445 3745 ducum
1471 3691 1756 3768 quorumcunque
1780 3667 1944 3758 voluerit,

253 3771 338 3874 qnia
355 3767 546 3864 credimus,
566 3769 661 3872 qnod
679 3770 711 3846 si
730 3773 1001 3872 conveniremus
1018 3774 1259 3875 personaliter
1276 3798 1355 3850 cnm
1374 3769 1514 3848 domino
1533 3772 1719 3874 episcopo,
1744 3771 1837 3847 bene
1855 3793 1944 3846 con-

254 3873 525 3953 cordaremus.“
569 3873 622 3950 Et
637 3873 708 3950 hiis
726 3873 834 3952 dictis
853 3873 944 3951 dixit
961 3873 1010 3952 ad
1027 3877 1177 3956 nuncios
1194 3885 1355 3952 nostros:
1383 3875 1446 3970 „ri
1470 3875 1543 3950 ista
1567 3899 1636 3950 nou
1653 3875 1730 3949 vult
1746 3883 1945 3976 acceptare

254 3975 415 4055 dominus
434 3976 631 4080 episcopus
649 3976 697 4054 ad
715 4004 782 4056 nos
800 3977 848 4056 de
867 3991 990 4057 cetero
1007 4005 1077 4054 non
1094 3977 1295 4056 redeatis.“

357 4151 440 4226 ileo
459 4161 585 4226 cantor
600 4162 725 4227 noster
740 4147 927 4251 predictus
946 4163 983 4226 et
1000 4146 1093 4225 dom.
1113 4147 1252 4226 arcbid.
1278 4150 1589 4248 [regnicensis
1615 4147 1730 4238 uobis,
1757 4147 1946 4222 venientes
1961 4139 2113 4280 affl*

256 4249 306 4326 ad
328 4275 395 4327 nos
416 4253 451 4328 in
475 4249 537 4328 die
561 4253 679 4331 sancti
702 4251 872 4354 cynaei,
906 4254 1135 4355 presentibus
1184 4250 1370 4328 uibusdam
1395 4251 1565 4328 iratribus
1589 4247 1886 4326 Preticatoribus
1909 4257 1947 4324 et

256 4353 339 4429 aliis
356 4357 618 4456 quampluribus
635 4357 840 4434 retulerunt.
870 4363 969 4438 Quos
986 4367 1119 4458 postea
1135 4277 1185 4432 ad
1200 4357 1317 4458 iprum
1334 4353 1464 4432 ducem
1477 4377 1546 4430 non
1563 4353 1774 4446 remisimus,
1793 4351 1876 4452 qnia
1887 4351 1945 4426 ri-

255 4455 394 4547 demus,
421 4455 516 4556 quod
533 4459 650 4535 omnia
675 4463 742 4536 snb
761 4461 855 4537 nube
871 4460 973 4552 iacit,
999 4483 1070 4536 neo
1088 4483 1167 4536 cum
1185 4483 1231 4536 eo
1249 4457 1443 4537 convenire
1459 4454 1674 4534 intendimus
1691 4453 1943 4556 personaliter,

256 4559 359 4740 solorps
377 4583 457 4682 pum
475 4560 566 4682 solo,
591 4575 739 4664 propter
756 4561 875 4639 dolum
902 4575 940 4640 et
958 4559 1120 4640 fraudem
1137 4563 1265 4665 ipsius,
1292 4585 1396 4663 quam
1413 4561 1575 4638 timemus
1591 4581 1748 4661 persone
1765 4569 1889 4634 nostre
1906 4567 1947 4633 et

255 4685 301 4741 ec
339 4685 420 4740 esre
434 4687 625 4742 rmmruere.

359 4833 547 4955 Noveritis
571 4835 700 4930 eciam,
728 4835 823 5016 puod
848 4863 898 4916 ex
921 4837 1044 4959 littera
1058 4860 1162 4940 qnam
1187 4836 1362 4936 magister
1377 4831 1763 4956 Petrnsuapportarit
1779 4824 1828 4952 de
1846 4827 1947 4956 curia
1973 4836 1978 4847 '

255 4933 304 5014 ad
322 4935 552 5080 uenerabiles
569 4949 707 5040 patres,
758 4965 824 5020 om.
845 4941 1206 5024 Poznanrensem
1225 4951 1263 5018 et
1278 4934 1719 5118 Wadrnlanrensppr
1735 4953 1944 5037 episcopos,
