4594 5774
623 507 834 582 Urbondera
890 505 1136 582 oeIlXXXI.
1164 506 1432 582 OELXXXII.
1823 511 1901 592 818

207 707 320 786 nostri
344 707 539 811 principes,
566 709 719 788 suffles·
732 719 771 786 et
794 707 938 788 fideles.
997 709 1234 788 Prorcltciom
1259 711 1327 788 sub
1348 709 1547 812 inperialis
1572 725 1697 794 nostre
1724 721 1901 817 majesta·

207 810 257 888 tis
295 811 417 911 sig'llo
456 813 657 890 testimonio
696 812 894 904 literarum,
935 811 1055 890 datonr
1088 813 1249 904 Wrat.,
1288 839 1324 890 ι.
1356 812 1393 890 d
1426 815 1611 894 millesimo
1646 822 1900 903 umentoeino

208 913 502 1015 quinquagesimo
528 925 676 1008 octavo,
709 914 914 994 indiccione
933 915 1147 1012 andecimo,
1181 914 1265 992 idus
1289 918 1425 994 messis
1450 919 1686 1010 Decembris,¹
1714 947 1900 1024 regnorum

202 1027 404 1098 ,nostrorum
429 1043 520 1094 aooo
548 1020 661 1096 tercio
687 1016 839 1110 decimo,
867 1019 1002 1122 imperii
1028 1045 1117 1098 vero
1143 1031 1279 1121 quarto.
1314 1022 1389 1098 Per
1411 1022 1439 1098 J
1446 1021 1660 1100 ohannem
1686 1023 1735 1104 de
1757 1027 1899 1108 erus-

207 1121 319 1202 oica.
373 1121 448 1200 Per
472 1120 648 1198 dominam
672 1123 932 1224 imperatorem,
959 1125 1202 1202 cancellarius
1229 1125 1272 1200 ll.
1300 1127 1341 1200 Μ
1346 1125 1544 1202 iliszius.

899 1572 1212 1663 cccxxxll.

311 1762 415 1825 rans
436 1761 505 1822 ιιι
527 1761 569 1822 ιι.
592 1763 739 1839 assuas
760 1764 945 1826 ιιιιιιιιι
967 1765 1144 1841 mnam·
1165 1767 1224 1828 mr
1244 1767 1409 1829 rariora
1431 1767 1483 1828 ar
1504 1767 1658 1830 aanor
1678 1747 1810 1832 mnne

206 1915 263 1963 Αιι
282 1913 340 1963 dam
358 1913 491 1979 originale
508 1913 542 1963 im
559 1913 676 1964 Arcblve
695 1915 743 1965 dor
760 1915 944 1980 Domcnpitslr,
969 1913 998 1966 C.
1016 1907 1052 1966 29
1069 1919 1123 1966 und
1141 1911 1189 1982 to,
1213 1919 1239 1966 la
1258 1919 1393 1980 coppattsr
1409 1919 1612 1988 Aualertlgung.
1652 1917 1708 1972 Dar
1731 1935 1824 1987 grossa
1842 1923 1899 1972 bat·
1971 1951 1977 1958 ·

239 1999 351 2050 sentens
368 1999 458 2066 Sisgel
475 2000 556 2066 trtngt
568 2013 601 2050 ιι
619 1999 651 2050 Ν.
667 1993 718 2066 lb,
743 2013 776 2050 ιι
794 2003 889 2068 galbam
914 2004 968 2052 nod
986 2003 1139 2053 scbrrameu
1158 2005 1283 2054 retronea
1301 2003 1406 2068 rotro,
1429 2005 1464 2054 lat
1485 2007 1548 2055 abor
1570 2006 1613 2056 bel
1636 2003 1669 2056 tt.
1686 2001 1723 2056 fil
1743 2009 1865 2058 vorlarert

978 2101 1126 2155 ΜΨ·

308 2252 351 2328 Ιιι
377 2253 515 2334 nomine
541 2264 670 2330 sancte
697 2264 734 2331 et
760 2251 942 2332 individue
969 2256 1135 2332 trinitatis
1161 2255 1318 2334 feliciter
1343 2281 1458 2334 amen.
1511 2259 1711 2338 Karalus
1738 2273 1897 2362 quernus,
1949 2283 2027 2353 roos,

206 2353 328 2432 divina
353 2356 500 2434 favente
527 2356 726 2434 clemencia
752 2357 1036 2436 Romanorum
1063 2359 1254 2461 imperator
1280 2351 1424 2464 semper
1448 2375 1626 2463 augustus
1656 2373 1694 2442 et
1714 2367 1898 2470 Bocmie
1926 2351 1969 2409 ¹³·
1986 2357 2050 2410 W·
2152 2443 2164 2468 ,

206 2484 290 2552 rex,
317 2457 366 2538 ad
391 2471 601 2562 perpetuam
626 2461 679 2536 rei
705 2461 916 2538 memoriam.
955 2460 1000 2539 Si
1026 2487 1076 2538 cx
1101 2463 1222 2540 iuuate
1249 2465 1353 2541 uobis
1379 2465 1482 2566 regie
1509 2468 1737 2567 benignitatis
1764 2469 1897 2548 affectu

205 2563 448 2640 universorum
489 2561 643 2638 fidelium
683 2575 882 2640 nosnorom
921 2563 1084 2640 comodis
1125 2579 1162 2642 et
1200 2567 1422 2668 profectibus
1455 2567 1679 2648 delectamur
1710 2569 1898 2652 intendere

205 2667 368 2768 ipsisque
395 2666 658 2766 tranquillitatis
685 2678 723 2744 et
748 2668 878 2767 quietis
904 2691 1098 2770 procurare
1125 2670 1283 2762 solacia,
1318 2682 1356 2746 ut
1380 2681 1487 2770 grata
1512 2675 1753 2776 prosperitate
1778 2676 1898 2754 leten-

206 2782 262 2846 tur
288 2771 355 2846 sub
381 2780 485 2869 grato
511 2770 683 2869 regimine
708 2771 881 2873 principis
907 2771 1084 2870 graciosi,
1119 2769 1168 2848 od
1194 2772 1331 2848 illorum
1357 2775 1521 2874 profecto
1548 2787 1680 2854 statum
1705 2779 1898 2856 honorabi-

204 2873 275 2950 lem
302 2883 339 2952 et
366 2883 488 2975 optate
514 2873 703 2950 felicitatis
730 2885 954 2973 augmentum
981 2885 1103 2952 norme
1137 2877 1344 2954 serenitatis
1371 2879 1525 2956 adeccio
1556 2883 1781 2982 propensiori
1814 2883 1898 2962 zelo

206 2973 428 3070 (lidurrditur,
462 2978 518 3076 qui
546 2977 816 3078 probacion'bus
850 2976 935 3054 fidei
962 2988 999 3054 et
1026 2977 1237 3056 devocionis
1262 2979 1427 3078 insigniis
1453 2980 1504 3058 ad
1529 2981 1696 3060 honorem
1730 2984 1897 3062 clarissi-

205 3103 337 3158 rrcmm
364 3102 498 3179 regum,
524 3081 627 3180 regni
654 3090 692 3156 et
715 3101 851 3158 corone
868 3081 1051 3158 Boemie
1077 3080 1262 3182 diligentis
1287 3083 1443 3160 affectus
1469 3081 1588 3162 studio
1615 3095 1653 3162 et
1674 3110 1786 3188 prone
1803 3085 1898 3164 bde-

205 3182 318 3260 litatis
345 3183 517 3283 obsequio
544 3183 759 3260 claroenmt.
813 3181 916 3262 Sane
944 3182 1176 3264 attendentes
1203 3187 1403 3264 constantis
1430 3197 1467 3264 et
1492 3187 1659 3289 preclare
1685 3187 1898 3270 devocionis

206 3285 449 3386 frequenciam
483 3309 622 3362 necnon
655 3286 850 3385 singularis
882 3287 1023 3364 virtutis
1057 3300 1094 3366 et
1128 3291 1297 3366 bomtatrs
1328 3289 1480 3382 onducto,
1520 3293 1647 3390 quibus
1679 3292 1898 3370 venerabilis

206 3389 475 3480 Precalaus,
501 3389 645 3466 Wrat.
674 3389 839 3468 ecclesie
873 3391 1088 3492 episcopus,
1124 3393 1311 3494 princeps,
1339 3393 1582 3470 cancellarius
1607 3408 1645 3472 et
1671 3395 1910 3473 consiliarios.

206 3517 347 3572 necnon
362 3491 552 3594 capitulum
579 3489 745 3592 ejusdem
773 3494 948 3586 ecclesie,
976 3492 1099 3572 devoti
1124 3495 1398 3591 nostri-dilecti,
1426 3502 1653 3598 majestatem
1678 3509 1835 3576 nostram
1861 3511 1900 3580 et

208 3595 309 3672 clare
343 3595 508 3672 memorie
542 3595 592 3669 ill.
619 3596 883 3686 Johannem,
917 3597 1092 3697 quondam
1118 3600 1302 3678 Boemie
1334 3625 1476 3702 regem,
1510 3603 1707 3700 genitorem
1741 3614 1898 3680 nostrum

208 3699 450 3791 carissimum,
486 3722 631 3798 regnum
667 3711 704 3776 et
731 3723 897 3776 coronam
923 3702 1105 3780 Boemie
1138 3703 1305 3782 sollicitis
1339 3715 1377 3782 et
1407 3706 1573 3806 operosis
1605 3705 1760 3806 ingeniis
1792 3717 1898 3806 grate
1974 3796 1977 3807 ¹

207 3801 421 3880 devocionis
447 3801 579 3878 aflectu
607 3801 837 3904 frequencius
862 3803 1079 3882 honorarunt
1104 3817 1141 3884 et
1165 3807 1200 3882 iu
1227 3807 1378 3882 fratruum
1394 3818 1493 3884 tanto
1512 3805 1729 3908 diligencius
1756 3819 1794 3886 et
1810 3833 1898 3909 gra·

209 3907 308 3984 ciore
334 3928 477 4006 semper
511 3905 684 4004 obsequio
710 3907 869 3984 revereri
902 3906 1096 3986 studebunt
1128 3921 1258 4009 quanto
1293 3910 1523 4010 amplioribus
1555 3913 1757 4010 graciarum
1784 3913 1898 3990 bene·

207 4009 302 4088 liciis
327 4032 371 4084 se
399 4009 655 4108 conspexerint
680 4021 802 4086 nostre
828 4013 1032 4110 majestatis
1058 4012 1187 4111 gracia
1211 4013 1407 4114 preveniri,
1442 4013 1558 4090 animo
1584 4013 1802 4107 deliberato,
1828 4038 1898 4090 ocu

207 4137 275 4214 per
300 4135 454 4189 errorem
481 4121 543 4186 aot
568 4109 764 4213 improvide
790 4111 859 4189 sed
887 4138 978 4189 sano
1004 4115 1210 4216 principum,
1239 4115 1405 4192 baronum
1432 4128 1469 4192 et
1493 4141 1679 4217 procenun
1700 4127 1899 4194 nostrorum

209 4213 413 4307 accedente
446 4214 615 4307 consilio,
651 4213 804 4316 prefatis
838 4217 1013 4318 episcopo
1047 4229 1085 4293 et
1118 4218 1275 4320 capitulo
1300 4217 1442 4295 Wrat.
1477 4220 1640 4296 ecclesie
1674 4231 1711 4296 ct
1742 4221 1899 4320 ipeouun
2017 4251 2023 4264 ⁸

210 4317 489 4396 suecessoribus
515 4317 768 4420 imperpetuum
796 4319 912 4394 omnia
936 4320 1128 4420 privilegia
1153 4333 1190 4398 et
1215 4321 1352 4415 literas,
1380 4346 1450 4422 que
1470 4332 1508 4398 et
1532 4347 1624 4421 quas
1640 4323 1710 4424 ipsi
1728 4346 1794 4398 seu
1812 4347 1898 4423 pre-

209 4421 433 4498 decessores
461 4445 580 4498 eorum
607 4445 717 4522 super
741 4421 1009 4522 quibuscunque
1029 4424 1183 4524 juribus,
1210 4425 1359 4525 graciis,
1386 4425 1623 4518 libertatibus,
1650 4425 1900 4503 emunitatibus

210 4537 248 4602 ct
272 4521 512 4622 indulgenciis
529 4550 553 4600 a
570 4525 712 4626 prefato
724 4526 888 4625 genitore
909 4536 1031 4602 uostro
1051 4551 1140 4626 rege
1154 4529 1335 4604 Roemie
1355 4552 1422 4605 seo
1437 4529 1716 4630 quibuscumque
1733 4526 1898 4622 ducibus,

209 4628 397 4706 comitibus
424 4635 461 4704 et
488 4627 679 4704 baronibus
703 4628 741 4704 in
767 4628 915 4706 civitate
942 4641 980 4706 et
1006 4625 1161 4732 dyocesi
1180 4631 1322 4706 Wrat.
1351 4641 1389 4707 et
1406 4631 1618 4732 speciabter
1637 4633 1683 4708 ab
1700 4631 1899 4708 illustribus

206 4731 426 4833 principibus
450 4729 667 4808 Heinrico
693 4731 814 4833 primo,
838 4731 1058 4810 Heinrico
1085 4731 1261 4826 secundo,
1286 4733 1647 4826 Heinricotercio,
1674 4733 1897 4812 Heinrico

208 4896 220 4907 ι
253 4955 286 5032 1)
314 4947 477 5016 Gedrucltt
499 4947 551 5013 bei
573 4948 814 5042 Sommersberg
827 4949 868 5016 T.
884 4951 907 5015 l.
930 4974 961 5042 p.
976 4947 1122 5060 lddond
1135 4951 1247 5043 Liinig,
1268 4949 1408 5042 spicileg.
1422 4950 1531 5022 eccles.
1552 4955 1671 5120 eonqrp.
1692 4951 1733 5018 ll.
1755 4973 1789 5043 p·
1804 4951 1898 5022 1181.
1979 4903 1981 4908 y
