4594 5774
391 488 469 567 ιιι
1016 485 1226 562 crimem
1278 439 1442 558 occur.

393 705 449 770 ter
474 704 512 768 et
537 698 741 791 sponteac
766 685 966 763 voluntarie
992 685 1255 777 submittentes,
1281 701 1320 760 ιιι
1343 684 1417 762 hoc
1433 685 1551 760 omnio
1576 693 1614 762 ot
1638 680 1792 784 quedem
1809 682 1884 760 alia
1899 683 1936 760 in
1952 683 2085 761 inson-

392 806 511 874 mento
537 791 782 894 compromissi
814 791 956 891 plenius
991 789 1214 866 continentur
1228 789 1275 880 ¹),
1306 787 1440 864 cuditis
1477 799 1515 866 et
1547 788 1745 866 intellectis
1778 812 1856 864 cum
1889 785 2086 886 diligencia

392 897 658 999 questionibus,
711 892 1000 970 dissensionibus
1027 903 1064 968 et
1090 887 1286 968 discordiis
1312 915 1358 968 oc
1384 891 1467 968 aliis
1501 890 1721 992 supradictis
1748 903 1786 967 et
1811 891 1994 970 nobiscn-
2021 917 2085 966 sn-

391 1025 461 1107 per
490 999 562 1076 hiis
596 999 719 1074 lrobita
752 995 1022 1072 deliberacione
1052 1008 1210 1086 matura,
1246 994 1328 1070 sreti
1361 995 1576 1072 oeconomo
1610 1007 1649 1072 et
1672 1005 1857 1096 potestate
1881 991 2086 1093 hujusmodi

393 1103 642 1198 submissionis
669 1113 707 1176 et
732 1099 997 1200 compromissi,
1031 1096 1092 1175 dei
1126 1098 1264 1176 nomine
1298 1099 1484 1188 invocato,
1517 1111 1675 1174 nostrum
1700 1099 1897 1189 arbitrium,
1930 1095 2084 1189 lendum,

394 1205 670 1296 ordinacionem,
699 1201 981 1304 disposicionem
1006 1225 1073 1278 seu
1099 1199 1302 1278 mandatnm
1321 1225 1431 1302 super
1444 1199 1553 1278 dictis
1571 1202 1831 1302 questionibus,
1857 1201 1992 1302 litibus,
2006 1199 2086 1276 dis-

394 1309 622 1487 sensionibus
648 1307 850 1402 violenciis,
876 1305 1014 1404 injuriis
1041 1315 1149 1404 atque
1175 1302 1371 1382 discordiis
1390 1305 1438 1392 ,in
1468 1305 1564 1382 lrnnc
1598 1301 1737 1380 modum
1763 1303 1929 1382 duximus
1961 1304 2096 1407 prole—

392 1436 456 1492 ren
484 1438 552 1486 nm.
886 1441 891 1450 ·
1142 1471 1144 1476 .

406 1569 412 1578 .
497 1513 539 1588 ln
555 1513 676 1613 primis
695 1513 913 1604 arbitramur,
939 1509 1226 1612 pronunciemus,
1254 1506 1495 1602 decernimus,
1523 1508 1738 1604 ordinemus,
1765 1510 1952 1586 statuimus
1978 1523 2086 1610 atque

393 1614 615 1708 manducone,
643 1613 739 1714 qnod
763 1641 829 1716 per
855 1612 948 1690 dom.
976 1611 1106 1690 ducem
1129 1609 1328 1715 predictum
1352 1610 1401 1688 de
1411 1616 1606 1710 fructibus
1622 1621 1856 1689 decimarum
1873 1619 2086 1688 ablaturum

365 1735 433 1806 ,ei
449 1723 619 1796 censibus
643 1717 737 1794 dom.
765 1719 940 1822 episcopo
966 1717 1116 1808 Wrat,
1145 1714 1315 1816 capitolo,
1342 1716 1527 1793 canonicis
1555 1727 1592 1793 et
1614 1718 1679 1794 toti
1704 1717 1803 1794 clero
1821 1741 1888 1792 suo
1914 1717 2086 1816 religioso

395 1835 434 1900 et
462 1823 620 1899 seculari
645 1823 680 1896 in
708 1819 842 1898 ducatu
867 1821 983 1922 ipsius
1010 1818 1116 1896 ducis
1148 1817 1242 1894 infra
1267 1843 1370 1894 unum
1397 1844 1555 1896 mensem
1581 1845 1605 1894 c
1629 1820 1880 1922 publicaoione
1904 1821 2087 1922 presentis

395 1926 530 2003 arbitrii
555 1925 716 2026 plenarie
744 1925 899 2000 satisfiat
926 1935 963 2000 ct
989 1919 1085 2023 qnod
1116 1922 1151 1996 in
1177 1922 1269 2022 ipsis
1296 1920 1447 2001 decimis
1474 1933 1512 1999 et
1538 1925 1709 2000 censibus
1744 1947 1917 2024 nunqnam
1944 1920 1993 2015 de
2019 1949 2086 2001 ce-

358 2089 363 2101 .
394 2041 473 2106 tero
499 2053 566 2132 per
591 2053 635 2104 se
660 2028 721 2106 rel
748 2052 836 2102 suos
862 2038 1011 2128 prestet,
1026 2022 1310 2126 impedimentum
1336 2023 1482 2125 aliquod
1507 2023 1602 2106 idem
1627 2027 1810 2130 princeps,
1837 2029 1917 2126 quin
1935 2027 1999 2103 ille
2017 2025 2085 2103 de-

396 2133 499 2221 cime,
527 2157 637 2232 supra
664 2131 758 2228 (sic)
787 2131 913 2230 quibus
940 2155 1020 2207 cum
1046 2126 1138 2202 dom.
1174 2128 1348 2228 episcopo
1383 2140 1421 2204 et
1455 2129 1511 2204 eis
1538 2131 1665 2229 quibus
1691 2127 1867 2207 debentur
1901 2128 2085 2206 ordinacio

397 2248 456 2312 est
480 2235 620 2326 habita,
642 2240 752 2335 juxta
776 2234 892 2334 ipsam
919 2229 1202 2319 ordinacionem,
1229 2230 1293 2306 ille
1319 2254 1427 2324 vero,
1459 2257 1570 2333 super
1594 2233 1722 2334 quibus
1747 2233 1856 2310 nichil
1883 2235 2001 2310 extitit
2026 2259 2085 2310 or·

395 2335 569 2430 dinatum,
603 2338 638 2412 io
665 2338 821 2437 campis,
854 2348 959 2438 prout
984 2334 1161 2411 debentur
1179 2337 1263 2432 jure
1290 2335 1474 2427 communi,
1507 2360 1556 2412 ex
1581 2337 1721 2436 integro
1747 2335 2017 2438 persolventem
2049 2349 2087 2414 et

396 2437 492 2540 quod
517 2442 553 2515 in
578 2451 653 2516 toto
681 2437 812 2515 ducato
840 2441 920 2515 siue
948 2436 1100 2514 dominio
1127 2434 1220 2512 dom.
1248 2435 1354 2514 ducis
1379 2436 1533 2540 predicti
1551 2439 1714 2516 solvatur
1740 2453 1777 2517 et
1802 2437 1975 2516 reddatur
1992 2439 2084 2516 dom.

396 2543 572 2644 episcopo
599 2551 749 2617 decima
767 2549 815 2618 de
833 2557 991 2636 nmneto,
1018 2543 1115 2619 sicut
1138 2540 1205 2616 fuit
1228 2540 1407 2618 hactenns
1433 2543 1677 2634 observatnm3
1705 2540 1870 2644 quodque
1895 2545 1931 2618 in
1956 2543 2085 2619 Wan-
2232 2559 2239 2568 '

396 2668 497 2722 now
523 2657 560 2721 et
585 2646 621 2718 in
646 2646 728 2720 aliis
755 2645 958 2722 ciuitatibus
986 2655 1023 2722 et
1047 2644 1144 2720 villis
1171 2643 1335 2721 ecclesie
1360 2669 1426 2746 per
1452 2645 1604 2722 eundem
1630 2645 1723 2723 dom.
1751 2645 1879 2723 ducem
1912 2654 2086 2724 aduocati

396 2750 649 2846 provinciales
674 2749 734 2824 vel
760 2749 822 2824 alii
848 2745 1153 2849 adjudicandum
1180 2771 1316 2824 causas
1343 2773 1575 2848 quouscunque
1599 2751 1662 2826 rel
1688 2751 1968 2851 qualescunque,
1995 2775 2084 2828 con-

396 2865 453 2924 tra
479 2849 774 2928 consuetudinem
799 2853 978 2952 antiquam
1003 2851 1236 2952 approbatam
1262 2863 1300 2927 ct
1326 2851 1619 2929 ecclesiasticam
1642 2853 1841 2930 libertatem
1860 2853 2083 2954 aliquatenus

395 2977 466 3028 non
490 2967 685 3056 ponantor3
721 2967 759 3031 et
784 2953 879 3054 quod
905 2963 990 3056 eqni
1007 2952 1100 3030 dom.
1128 2951 1233 3030 ducis
1259 2953 1321 3030 rel
1346 2954 1492 3030 oliorum
1519 2957 1657 3034 nomme
1684 2959 1799 3058 ipsius
1825 2982 1895 3033 non
1921 2966 2085 3033 iocentur

396 3063 451 3132 ud
465 3059 778 3155 pabulandomin
805 3059 907 3134 bonis
933 3058 1179 3157 religiosorum
1207 3068 1244 3133 et
1270 3057 1386 3134 eciam
1410 3058 1625 3135 secularium
1649 3060 1876 3152 clericornm3
1903 3057 1998 3160 qnod
2010 3089 2084 3160 pe-

397 3149 556 3280 dagium
581 3162 661 3237 sive
688 3161 867 3248 teloneum
892 3164 928 3237 in
954 3159 1222 3240 Gruthwald
1248 3173 1286 3238 et
1310 3161 1347 3236 in
1373 3161 1456 3237 aliis
1482 3163 1585 3238 bonis
1603 3163 1767 3241 ecclesie
1785 3187 1854 3240 nou
1877 3162 1991 3240 iaciat
2015 3189 2085 3241 nec

396 3263 551 3362 reorpiat
576 3262 669 3338 dom.
696 3263 771 3338 dnx
797 3264 1000 3365 predictos,
1035 3261 1131 3364 qnod
1157 3289 1260 3339 onum
1286 3261 1334 3340 de
1361 3265 1493 3341 castris
1524 3289 1590 3368 per
1612 3267 1728 3368 ipsum
1753 3267 1893 3346 noviter
1918 3279 2085 3344 constru-

398 3364 471 3456 ctis,
494 3365 531 3438 in
556 3377 654 3441 terra
679 3368 843 3444 ecclesie
869 3393 980 3468 prope
1005 3368 1045 3441 N
1052 3391 1178 3468 ynam
1203 3365 1317 3443 faciut
1334 3365 1495 3444 demoliri
1513 3381 1551 3445 et
1567 3367 1667 3445 aliud
1699 3368 1831 3447 reddat
1856 3381 1895 3448 et
1919 3371 2087 3470 assignet

398 3460 492 3556 dom,
526 3467 700 3567 episcopo
727 3469 864 3544 Wrat.
898 3468 994 3569 quod
1026 3467 1290 3546 Kaldenste
1299 3497 1354 3571 yn
1386 3471 1585 3570 uolgadter
1617 3487 1855 3576 nuncupatur,
1890 3472 2086 3550 secundnm

398 3562 495 3664 qnod
520 3567 614 3642 alius
625 3569 667 3660 ²),
694 3582 766 3644 tam
792 3593 902 3670 super
927 3571 997 3648 hoc
1023 3597 1126 3671 quarn
1152 3596 1262 3674 super
1286 3575 1520 3652 restitucione
1546 3573 1762 3656 decimarum
1789 3587 1827 3654 ct
1851 3577 2085 3654 relaxacione

397 3665 579 3745 interdicti
605 3693 654 3746 ex
671 3669 810 3747 'eodem
836 3675 1090 3773 compromisso
1116 3701 1182 3778 per
1205 3700 1273 3750 nos
1305 3677 1509 3753 arbitratum
1542 3676 1726 3756 diffinitum
1760 3691 1819 3757 est
1851 3693 1895 3757 et
1919 3681 2084 3782 publica·

397 3783 480 3846 tum.
533 3771 710 3848 Volumus
735 3774 981 3852 nichilominus
1007 3778 1111 3853 exui
1137 3779 1383 3880 compromissi
1407 3781 1442 3855 io
1468 3806 1536 3857 nos
1558 3781 1648 3860 sacti
1667 3795 1705 3860 et
1720 3809 1787 3885 per
1803 3809 1870 3860 nos
1886 3783 1963 3876 lati,
1991 3783 2085 3884 quod

398 3871 493 3950 dom.
521 3875 717 3978 episcopus
744 3889 900 3954 cestrum
927 3877 976 3956 de
1002 3880 1265 3962 0tmncbow
1299 3905 1349 3958 cx
1380 3908 1473 3962 nunc
1504 3887 1656 3987 propn‘is
1690 3888 1886 3988 sumptibus
1913 3911 1992 3964 cnm
2018 3911 2085 3962 vo-

397 3977 504 4055 luerit
528 3979 653 4066 saciat,
680 3993 865 4057 construat
891 3993 928 4059 et
952 3984 1123 4062 reformet
1146 4009 1211 4088 pro
1237 4009 1305 4061 sue
1331 3987 1475 4064 arbitrio
1500 3987 1706 4066 voluntatis.
1768 4028 1770 4032 ·

502 4083 725 4160 Arbitramur
748 4085 906 4187 insuper,
931 4089 1216 4189 pronunciamus,
1244 4087 1483 4184 decernimus,
1510 4091 1733 4186 ordinamus,
1765 4094 1952 4169 statuimus
1978 4105 2085 4193 atque

397 4183 625 4280 mandamns,
660 4189 902 4266 venerabilem
928 4203 1064 4292 patrem
1091 4191 1183 4268 dom.
1212 4194 1440 4294 episcopum,
1466 4195 1659 4296 capitulum
1683 4207 1863 4296 totumque
1890 4195 2023 4273 olerum
2049 4206 2086 4272 et

398 4289 595 4367 ecclesiam
621 4289 865 4391 supradictum
890 4317 1029 4371 necnon
1057 4296 1237 4389 civitates,
1269 4309 1405 4390 costra,
1445 4311 1573 4393 terres,
1612 4299 1720 4376 villas
1746 4323 1936 4399 eorumque
1962 4298 2084 4375 distri-

398 4401 480 4470 ctus
513 4418 559 4470 ac
592 4393 753 4470 homines
785 4397 901 4496 ipsius
935 4399 1099 4476 ecclesie
1138 4423 1226 4476 esse
1260 4395 1397 4477 debere
1428 4425 1474 4478 ac
1510 4426 1599 4480 esse
1632 4413 1830 4490 immunes,
1881 4395 2025 4480 liberos
2049 4416 2085 4478 ct

398 4511 590 4595 exemptos
612 4501 661 4571 ab
685 4501 852 4574 omnibus
876 4507 1058 4589 collectis,
1084 4506 1356 4598 exactionibus,
1382 4509 1613 4592 muneribus,
1635 4511 2084 4604 piscacionibnmneri·

399 4599 481 4686 bns,
507 4603 745 4688 stacionibus,
771 4607 1022 4692 seminalibus,
1039 4607 1334 4700 juridicionibus
1355 4610 1641 4708 quibuscunque,
1667 4614 1905 4720 descensibus
1927 4637 1982 4684 cc·
1999 4615 2086 4685 otiis

442 4835 476 4914 1)
503 4833 586 4938 uos
606 4833 721 4936 upon
742 4835 826 4940 rose
847 4837 887 4904 n.
909 4801 1046 4938 cccix.

442 4917 476 5002 t)
502 4915 545 4982 Es
567 4917 689 4992 schernt
710 4921 848 4988 daruber
869 4921 954 4990 noch
976 4947 1047 4990 eme
1069 4923 1224 4992 Uolundc
1246 4921 1404 5018 abgelcsst
1424 4927 1556 4994 worden
1577 4953 1616 4994 zu
1637 4952 1723 5020 seyn.
