4660 5762
608 551 613 558 ·
748 493 751 500 ¹
787 511 1001 586 [irlandae
1032 505 1226 586 'OEXIK
1255 511 1402 588 OEXX
1863 515 1938 598 m

246 721 349 792 satur
379 721 418 790 et
443 709 722 803 abhorrendum,
754 709 845 790 licet
863 715 942 812 jam
973 709 1118 805 dudum,
1151 721 1190 788 nt
1221 724 1402 818 asserunt,
1428 739 1493 816 pro
1518 713 1722 816 bujuamodi
1747 719 1941 802 extiteritis

247 815 635 894 excommunicacionis
659 813 803 892 viuculo
828 813 990 892 innodati
1015 827 1053 894 et
1077 825 1175 892 terra
1199 827 1326 892 restra
1346 819 1414 894 snb
1439 819 1536 894 osita
1556 819 1664 898 luerit
1680 823 1941 904 ecclesiastico

245 915 455 1011 interdicto,
487 919 734 996 nicbilonu'uus
758 917 796 994 in
820 917 892 994 biis
917 919 1034 996 animo
1060 930 1342 1020 perseverantes
1365 844 1549 1014 indurato,
1575 946 1645 998 ros
1671 921 1802 1004 diriru's
1825 927 1941 1006 immi-

247 1023 364 1100 scetis
395 1021 547 1115 officiis,
582 1021 711 1098 claves
744 1021 909 1100 ecclesie
940 1032 1246 1123 contempnentes.
1312 1023 1494 1114 Quum
1524 1025 1744 1104 nobilitatem
1781 1041 1939 1110 vestrm

246 1149 441 1218 monemus,
467 1147 636 1224 rogamus
662 1135 700 1202 et
724 1123 904 1200 bortamor
929 1135 1064 1210 utente
1091 1135 1279 1224 nouenos,
1306 1127 1339 1202 si
1366 1139 1425 1204 est
1449 1127 1512 1220 ita,
1539 1125 1646 1206 deum
1672 1129 1850 1210 babentes
1874 1155 1940 1236 pre
2052 1157 2054 1161 ’

248 1227 377 1322 oculis,
404 1227 513 1305 saluti
538 1251 586 1305 ac
611 1227 707 1304 fame
731 1237 857 1304 vestre
883 1226 1015 1304 utiliter
1032 1229 1279 1320 consulentes,
1307 1227 1583 1308 considerantes
1600 1255 1752 1332 proque,
1779 1235 1875 1334 qnod
1891 1235 1940 1315 nil

246 1329 399 1436 prodest
422 1331 551 1408 bomini
578 1331 612 1406 si
636 1331 839 1408 universnm
865 1327 1029 1406 mnndum
1053 1331 1222 1424 lucretur,
1249 1333 1367 1410 anime
1390 1357 1480 1410 vero
1507 1359 1575 1411 sue
1600 1333 1845 1412 detrimentum
1871 1363 1940 1440 pa-

248 1437 374 1527 ciatur,
400 1459 425 1510 a
449 1432 690 1536 predictorum
716 1432 893 1534 episcopi,
920 1433 1128 1512 clericorum
1155 1444 1194 1511 et
1219 1436 1384 1512 ecclesie
1409 1436 1583 1514 molestiis
1609 1437 1753 1539 penitus
1776 1437 1939 1518 desista-
2015 1434 2046 1492 θ

246 1539 308 1631 ὼ,
331 1538 425 1640 ipsis
440 1537 704 1640 possessiones
721 1545 760 1614 et
776 1537 881 1628 bona,
908 1537 1036 1636 quibus
1053 1537 1200 1638 spoliati
1225 1537 1305 1616 lore
1331 1549 1536 1630 noscuntur,
1555 1541 1864 1642 contemplacione
1881 1541 1940 1620 di·

245 1641 332 1718 rina
356 1651 395 1718 ct
420 1641 466 1716 ob
492 1639 740 1718 reverenciam
766 1636 870 1716 aedia
895 1641 1104 1740 apostolice¹
1123 1641 1262 1718 restitui
1286 1641 1481 1733 iacientes,
1507 1643 1559 1718 ita
1583 1639 1679 1742 quod
1703 1645 1819 1722 eterni
1837 1643 1940 1746 judi·

248 1745 305 1824 ois
329 1741 481 1846 proinde
506 1753 545 1822 et
569 1743 735 1820 ecclesie
759 1740 953 1820 llomane
978 1745 1153 1822 offensem
1169 1744 1320 1822 salutari
1345 1745 1497 1822 oonsilio
1523 1742 1720 1823 redimatis.

352 2159 462 2242 Item,
484 2157 678 2253 frobibaa
708 2159 929 2232 Minoribus:
1980 2175 2086 2232 cm

350 2257 593 2350 lohannes,
619 2257 859 2335 miseracione
884 2254 1324 2334 divinaTnscnlanus
1350 2281 1421 2360 ep,
1448 2267 1567 2360 apost
1583 2257 1767 2362 sedleg„
1794 2258 1940 2340 dilectis
1991 2257 2071 2331 Μ,

247 2359 351 2436 nobis
375 2361 413 2436 iu
429 2358 579 2439 Christo
604 2359 779 2460 gurdiano
806 2372 844 2438 et
869 2360 1060 2436 conventui
1084 2359 1231 2436 trabum
1256 2362 1432 2438 lllinoruur
1448 2361 1761 2442 Wraticlanie
1787 2364 1940 2444 salutem
1964 2328 2005 2395 ⁰⁸
2021 2333 2101 2394 Μ’)

246 2463 284 2538 in
309 2461 463 2540 domino.
523 2463 695 2540 Pervenit
728 2461 778 2540 ad
811 2461 1037 2540 audienciam
1068 2472 1226 2538 nostram
1250 2463 1498 2542 insinnacioue
1522 2467 1776 2544 venerabilium
1801 2479 1941 2568 patrum

247 2565 409 2669 archiep.
428 2565 719 2644 Gnezrrensis
746 2577 784 2644 et
801 2565 1211 2642 Wratimlauiensis
1238 2568 1415 2669 episcopi,
1441 2567 1538 2667 quod
1563 2569 1693 2646 nobilis
1717 2569 1773 2646 vir
1795 2571 1940 2668 ll(en·

247 2669 388 2768 ricus)
414 2667 491 2746 dux
516 2670 666 2763 Wrat,
699 2667 749 2746 ad
773 2669 870 2744 illurn
903 2693 973 2744 non
998 2667 1138 2744 babens
1162 2680 1367 2770 respectum
1400 2671 1458 2770 qui
1483 2671 1613 2748 nullum
1638 2673 1765 2750 bonum
1789 2674 1940 2752 irremu-

248 2782 408 2850 neratum
433 2783 506 2850 etc.
533 2782 572 2848 ut
597 2797 721 2874 supra,
747 2772 784 2848 in
808 2771 939 2862 littera,
966 2795 1036 2871 qne
1060 2771 1226 2848 scribitur
1250 2769 1391 2850 domino
1415 2771 1516 2850 Ade
1542 2784 1580 2852 et
1605 2777 1777 2876 magistro
1794 2777 1834 2852 N
1840 2777 1940 2855 ioo·

247 2873 308 2952 lao
324 2873 441 2974 us'qne
457 2873 508 2950 ad
524 2875 642 2952 locum
657 2875 774 2952 illumt
793 2853 961 2971 (Sflbt),
980 2875 1027 2950 Z.
1041 2874 1085 2972 9)
1104 2873 1351 2950 Intelleximus
1368 2886 1548 2975 preterea,
1567 2877 1662 2976 quod
1679 2879 1786 2954 nudto
1803 2879 1941 2956 sorcius

247 2978 364 3076 tangit
378 2979 501 3054 intima
517 2975 641 3056 cordis
658 2978 783 3070 nostri,
801 2976 975 3054 videlicet
991 2975 1086 3076 quod
1104 2973 1234 3052 ducem
1249 2976 1366 3076 ipsum
1382 2977 1417 3052 in
1434 2977 1639 3076 bujnsnrodi
1656 2979 1860 3057 confovetis
1878 3005 1939 3058 er·

248 3102 342 3172 rore,
362 3078 445 3156 dnm
460 3082 577 3181 ipsum
602 3091 640 3158 et
656 3081 750 3156 alios
767 3079 1096 3158 excommunicatos
1113 3076 1163 3154 ad
1180 3077 1304 3154 ollioia
1320 3075 1443 3154 diviua
1467 3080 1630 3180 recipitis
1648 3092 1686 3158 et
1702 3088 1940 3158 interdictum

249 3191 542 3260 ecclesiasticum
567 3211 638 3260 noc
662 3189 828 3260 remotis.
894 3181 1166 3258 Discreciouem
1192 3181 1314 3280 itaque
1340 3190 1379 3258 et
1403 3181 1628 3260 honestatem
1654 3193 1829 3260 vestram.
1845 3183 1939 3262 elle·

249 3295 379 3363 ctuose
411 3310 453 3361 ro
478 3310 597 3372 amns,
614 3295 652 3362 et
682 3285 718 3362 in
745 3284 886 3362 domino
910 3283 1052 3386 plenius
1077 3283 1307 3362 exhortamur
1336 3281 1568 3376 mandantes,
1599 3295 1776 3384 qnatenus
1814 3286 1849 3362 si
1881 3299 1941 3364 est

247 3389 318 3481 ita,
353 3399 453 3466 etten
480 3399 585 3466 entes
611 3399 775 3488 quantuor
802 3413 852 3466 ex
878 3387 948 3464 biis
973 3385 1174 3464 offendatur
1197 3386 1273 3479 ille,
1300 3391 1407 3486 cujus
1432 3387 1578 3464 omissis
1602 3385 1723 3463 mundi
1747 3386 1939 3466 blandiciis

249 3492 342 3570 estis
367 3492 567 3568 voluntarie
601 3493 669 3568 snb
695 3501 774 3568 arto
800 3489 978 3591 regularis
1011 3489 1251 3568 observancie
1281 3489 1404 3566 lrabitu
1431 3490 1605 3590 obsequio
1637 3488 1816 3584 addicati,
1849 3515 1939 3568 con·
2010 3521 2020 3540 ·

248 3592 456 3672 siderantes
482 3617 623 3695 quoque
656 3605 892 3693 contemptum
918 3593 1082 3672 ecclesie
1107 3593 1304 3670 llomane
1336 3593 1522 3695 ipsiusque
1555 3594 1842 3672 subtractionem
1870 3593 1939 3672 bo-

248 3698 347 3774 noris
373 3709 411 3776 ct
436 3698 548 3774 nostri
573 3696 738 3790 maxime,
765 3697 892 3796 quibus
918 3694 968 3773 ad
992 3721 1146 3798 presens
1172 3720 1244 3772 uua
1268 3719 1349 3772 cum
1374 3695 1533 3797 pluribus
1559 3695 1642 3772 aliis
1665 3698 1789 3798 regnis
1815 3707 1853 3776 et
1869 3695 1939 3773 dn·

87 3797 94 3804 “
250 3801 393 3879 catibns
420 3810 479 3880 est
503 3823 569 3902 per
594 3797 721 3876 sedeur
753 3799 991 3902 apostolicam
1022 3800 1180 3902 parcium
1206 3799 1344 3876 illarum
1375 3823 1465 3876 curo
1491 3800 1701 3892 commissa,
1737 3799 1817 3876 sine
1842 3824 1940 3877 more

251 3901 442 4006 dispendio
469 3909 604 3980 ducem
629 3908 816 3978 inducatis
842 3902 993 3981 eundem
1019 3901 1299 4004 persuadentes,
1325 3911 1364 3976 ut
1389 3902 1496 3978 saluti
1523 3925 1570 3978 ac
1595 3901 1691 3979 sarae
1716 3927 1784 3978 sue
1808 3902 1941 3978 utiliter

173 4017 180 4028 '
252 4007 447 4086 consulens
466 4031 491 4084 a
509 4003 749 4108 predictorum
768 4006 944 4106 episcopi,
971 4006 1183 4084 elericorum
1204 4014 1242 4081 et
1255 4003 1419 4080 ecclesie
1439 4003 1616 4082 molestiis
1630 4002 1787 4080 desistet
1801 4003 1940 4080 omnino

251 4121 290 4188 et
314 4108 454 4188 eisdem
479 4109 603 4186 ablata
627 4108 793 4184 restituat
819 4108 1000 4200 universa,
1025 4109 1078 4184 ita
1100 4105 1197 4207 quod
1214 4107 1328 4184 eterni
1347 4103 1487 4205 judicis
1509 4116 1547 4182 et
1564 4106 1728 4184 ecclesie
1745 4105 1940 4184 llonrane

250 4213 423 4290 offensam
442 4211 601 4295 ,redimat
626 4210 778 4288 consilio
803 4210 964 4286 solutari.
1005 4208 1112 4300 Quod
1137 4211 1171 4286 si
1196 4208 1290 4286 forte
1316 4208 1443 4286 lacere
1468 4208 1734 4308 contempserit,
1760 4205 1941 4287 interdicti

250 4316 409 4394 servetis
434 4315 668 4406 sentenciam,
694 4339 742 4392 ne
766 4313 917 4390 materia
942 4312 1023 4389 sitis
1049 4312 1181 4390 erroris
1207 4311 1306 4390 etin
1333 4321 1569 4412 contemptum
1584 4309 1727 4411 prefate
1753 4305 1858 4385 sedis
1882 4307 1940 4384 vi-

250 4415 405 4498 deamini
429 4417 524 4494 viam
548 4415 834 4518 delinquentibus
860 4439 1076 4518 preparare,
1102 4416 1163 4517 qni
1188 4412 1333 4492 debetis
1359 4413 1443 4490 aliis
1469 4436 1558 4491 esse
1584 4412 1714 4490 salutis
1740 4411 1941 4514 exemplum

251 4531 290 4600 et
314 4521 501 4624 speculum
524 4520 700 4598 verim.

353 4622 463 4714 ltem,
489 4623 611 4699 abbati
637 4633 675 4699 et
700 4620 890 4700 conventui
915 4619 1179 4698 monasteriis.
1206 4617 1415 4698 Vrncenoii:

355 4725 519 4804 Salutem
544 4725 580 4800 in
606 4723 760 4815 domino,
794 4735 832 4800 et
857 4725 975 4802 omnia
1006 4731 1293 4826 coemuntur,
1325 4718 1375 4800 de
1399 4719 1513 4798 verbo
1538 4714 1589 4796 ad
1613 4713 1761 4794 verbum
1793 4725 1832 4792 ut
1863 4715 1940 4792 ira-

250 4829 364 4908 tribus
381 4829 591 4906 Minoribus.
618 4828 688 4924 (Ν.
707 4824 889 4927 CCXX.)
