4552 5786
752 499 962 576 vrso-ceu
1018 497 1172 572 (OEIV.
1202 495 1331 570 (ω’.
1596 486 1600 500 ’
1808 489 1886 574 858

226 711 231 720 ’
301 707 355 786 tit
378 707 463 786 huic
487 707 593 784 litere
617 701 701 798 dno,
725 698 1166 806 nostrat-pretatione
1191 695 1406 778 Proca-iai
1433 699 1528 804 olym
1549 699 1728 804 episcopi,
1755 693 1793 780 e't
1810 721 1886 780 ea·

199 812 302 918 pitrdi
326 811 492 890 ecclesie
518 809 674 902 Wrat.‚
705 809 741 884 in
767 805 927 886 cordulis
953 803 1096 899 sericis,
1121 799 1247 880 viridis
1274 813 1312 882 et
1337 801 1436 880 urici
1463 801 1608 898 coloris,
1635 805 1758 906 sigilla
1784 818 1887 912 erant

201 1047 448 1201 musenius
474 1133 513 1198 et
536 1043 653 1198 literips
677 1041 892 1222 cripiiltjaiibus
918 1129 956 1196 ot
981 1039 1116 1196 octeni
1141 1119 1177 1192 in
1195 1117 1251 1194 eis
1270 1037 1447 1196 enitentis
1465 1037 1779 1194 edureoifflytfflt
1796 1067 1885 1224 corr:

201 1225 398 1306 mrdaucia
421 1226 583 1328 plenarie
610 1237 648 1301 et
673 1247 723 1300 ex
748 1235 835 1298 toto.

303 1641 446 1740 Quurte
470 1633 742 1736 quoque‘litero
766 1645 869 1708 terror
892 1632 1112 1733 sequitur-'ia
1137 1633 1209 1712 bec
1235 1636 1366 1712 veriat
1384 1635 1534 1726 ·¹)·Nos
1559 1633 1825 1724 Promittas,
1852 1628 1888 1707 d.
1929 1653 2030 1708 ocor.

29 1720 36 1744 ⁸
202 1767 255 1844 gr.
281 1742 496 1842 episcopos,
529 1739 693 1814 Petrus
718 1733 767 1813 de
793 1737 921 1812 Luna
944 1737 1170 1838 prepositus,
1199 1737 1438 1815 Johonnes
1465 1737 1514 1816 de
1539 1729 1886 1814 Luthomrrsciril
1903 1735 2068 1862 affin·

202 1855 328 1924 oauwr
359 1854 539 1943 totumque
572 1839 764 1942 capinrlum
797 1839 932 1914 Wrat.
973 1839 1137 1920 ecclesie
1167 1851 1286 1918 notum
1317 1843 1471 1919 iacimus
1501 1855 1626 1920 tenore
1661 1841 1887 1943 presencia·
2046 1844 2056 1864 ⁹

201 1946 393 2038 universis,
419 1947 504 2047 qnia
529 1945 784 2022 screnissimus
808 1969 854 2020 ae
880 1944 1136 2021 invictissimus
1161 1946 1331 2048 princeps
1358 1959 1396 2023 et
1421 1945 1600 2038 dominus,
1627 1944 1720 2024 dom.
1746 1939 1886 2022 Karna·

202 2055 288 2146 lus,
314 2051 604 2128 Romanorum
627 2049 819 2150 imperator
843 2071 987 2149 semper
1012 2061 1189 2148 augrrsms
1215 2061 1253 2127 et
1270 2051 1452 2127 lioernie
1477 2045 1625 2142 rem-ill.
1643 2047 1736 2126 dom.
1756 2059 1793 2126 et
1816 2069 1886 2150 pa*-

203 2171 326 2234 trouus
351 2163 475 2230 noster
497 2153 716 2254 graoiosus‚'
730 2163 906 2252 tamqnam
932 2152 1108 2229 Boemie
1133 2172 1212 2245 rex,
1241 2153 1478 2255 principatus,
1505 2151 1678 2246 ducatus,
1704 2164 1886 2244 terram,

204 2259 426 2336 disnicururn
458 2269 497 2336 ct
530 2257 687 2334 ciuitatis
719 2254 1138 2348 Wratislaniensis‚
1184 2254 1281 2360 opidi
1314 2257 1642 2334 Nooiiorerrsis
1674 2267 1712 2335 et
1742 2257 1887 2332 aiiororrr

203 2362 387 2468 opidorum
413 2373 452 2438 et
476 2362 625 2437 omniun
651 2383 720 2460 que
744 2360 923 2460 pertinent
946 2357 997 2434 ad
1021 2361 1201 2460 premissa
1225 2358 1482 2452 hereditarius,
1517 2359 1716 2437 ordinarius
1747 2385 1795 2437 ao
1819 2381 1888 2435 ua·

203 2467 331 2544 turaiis
356 2463 517 2542 domnus
544 2475 582 2540 ct
606 2463 801 2562 legittimus
821 2462 937 2539 ireres
964 2464 1105 2556 existit,
1133 2465 1229 2540 siout
1252 2466 1369 2542 eciam
1396 2464 1495 2542 oiare
1521 2465 1687 2542 memorie
1713 2457 1763 2540 ili.

205 2596 299 2674 ceps
321 2567 416 2646 dom.
442 2569 469 2646 J
477 2569 677 2644 ohannes
702 2564 879 2667 quondam
904 2567 1083 2642 Boemie
1109 2591 1177 2644 rex
1201 2565 1317 2668 ipsius
1343 2569 1484 2668 genitor
1507 2593 1572 2671 pro
1599 2591 1660 2661 se,
1692 2568 1741 2645 he
1808 2568 1888 2644 'bus

205 2699 253 2752 ao
278 2673 558 2750 successoribus
584 2671 661 2747 suis
677 2671 825 2770 regibus
843 2670 1023 2747 Boemie
1042 2681 1080 2746 et
1106 2669 1271 2769 ejusdcm
1296 2673 1399 2772 regni
1425 2695 1559 2750 corona
1584 2673 1700 2748 omnia
1722 2669 1890 2774 predicta

205 2790 388 2856 eteorum
414 2773 599 2877 quodlibet
624 2798 674 2851 ex
699 2771 901 2851 donacioue
932 2773 994 2875 pio
1018 2771 1287 2852 recordacionis
1312 2773 1363 2850 ill.
1395 2777 1567 2878 principis
1592 2773 1769 2876 quondam
1787 2774 1888 2854 'donn

205 2881 416 2960 Heinrici
442 2880 540 2957 sexti
566 2889 605 2957 et
629 2877 738 2954 ultimi
764 2876 871 2955 ducis
895 2877 1030 2954 Wrat.
1057 2873 1287 2971 hereditario,
1309 2883 1411 2979 justo
1429 2891 1467 2956 et
1483 2879 1657 2980 legittimo
1673 2881 1775 2956 titulo
1799 2901 1888 2982 pos·

206 2983 370 3076 sidobat,
402 2999 440 3062 et
464 2984 548 3082 quia
572 2983 721 3061 omnium
745 2983 1002 3084 principatuum
1027 2993 1066 3058 et
1091 2979 1281 3058 ducturum
1307 2983 1454 3058 ouruiunr
1487 2996 1525 3060 et
1549 2983 1764 3082 singulorum
1791 2983 1889 3091 prin·

206 3090 324 3192 ciprrra
347 3088 427 3164 sive
454 3085 583 3162 dueum
609 3085 771 3162 Sionis
798 3096 845 3162 et'
861 3083 1188 3180 0poliensirrm‚
1218 3086 1345 3186 quibus
1371 3086 1487 3164 eciam
1512 3087 1734 3188 speclaiibus
1758 3079 1889 3194 appel·

205 3195 324 3271 lentur
353 3189 567 3282 comitibus,
604 3186 742 3266 ducatu
773 3185 1133 3300 Swydnicnensi
1163 3201 1201 3266 et
1231 3190 1461 3268 Jawrensi
1498 3187 1686 3266 dumtaxat
1718 3199 1888 3367 exceptpt

206 3296 332 3400 partim
356 3291 509 3387 directo,
529 3293 659 3395 partim
684 3316 773 3368 nero
798 3291 874 3370 ntiii
901 3303 939 3369 et
962 3289 1155 3372 ir'rrnediato
1181 3289 1334 3370 dominio
1360 3303 1436 3385 estt
1463 3303 1568 3395 prout
1589 3293 1822 3370 universate
1846 3315 1890 3368 a·

206 3401 271 3478 iret
294 3409 499 3476 cunctorum
525 3395 668 3489 noticia,
695 3397 857 3498 superior
881 3394 1044 3472 dominns
1069 3393 1264 3496 generalis,
1291 3397 1561 3499 etprincipatus
1578 3419 1717 3476 necnon
1735 3395 1890 3476 ducatus

208 3501 362 3606 predicti
387 3526 465 3578 oum
492 3501 652 3577 omnibus
677 3497 852 3590 dominiis,
877 3499 1081 3591 honoribus,
1102 3500 1244 3601 juribus
1268 3501 1559 3604 erpertinenciis
1576 3502 1654 3578 sru's
1671 3503 1717 3578 ab
1733 3523 1783 3578 eo
1797 3513 1889 3576 taar-

208 3633 313 3708 qnam
336 3629 427 3706 rege
452 3604 634 3682 Boemie
666 3617 705 3680 et
729 3628 754 3679 a
778 3627 914 3681 corona
938 3604 1040 3703 regni
1064 3604 1194 3706 prefati
1220 3605 1255 3680 in
1281 3603 1427 3683 seudum
1451 3602 1670 3706 dependent,
1700 3606 1795 3682 sicut
1820 3597 1890 3680 iroc
2049 3621 2056 3636 “

207 3709 390 3814 principes
423 3717 468 3786 et'
492 3708 610 3785 duces
641 3705 795 3808 predicti
824 3708 862 3784 in
894 3720 1017 3784 nostru
1049 3709 1229 3786 constituti
1264 3708 1458 3812 presencia
1472 3744 1476 3759 ·
1491 3708 1723 3786 confessione
1755 3707 1893 3784 notoria
2188 3713 2193 3722 “

208 3811 594 3918 publiceiateboutur,
620 3809 818 3912 profitendo
851 3811 984 3904 eciam,
1017 3811 1170 3912 qualiter
1201 3813 1346 3914 prefato
1376 3809 1517 3889 domino
1542 3826 1665 3890 nostro
1687 3811 1892 3913 imperatori

208 3931 385 4017 mquam
409 3916 509 4016 regi,
534 3915 720 3990 Boemie
751 3912 947 3992 heredibus
979 3939 1026 3992 ae
1052 3917 1331 3995 successoribus
1357 3916 1435 3991 suis
1460 3917 1655 4009 Boemie,
1681 3915 1829 4016 regibus
1854 3925 1893 3990 et

210 4019 376 4122 ejusdem
400 4020 504 4120 regni
529 4041 674 4110 corone,
700 4021 874 4118 tamquam
900 4019 1011 4112 veris,
1029 4019 1260 4113 naturalibus,
1277 4015 1506 4096 hereditariis
1524 4029 1561 4098 et
1576 4019 1760 4122 legito-is
1777 4011 1892 4096 doari-

209 4125 274 4306 pppist
292 4125 370 4303 spip
395 4121 1210 4304 {mi-wfflnssffifflffiwiq'simp?-
1231 4133 1269 4200 et
1284 4122 1615 4304 9Ru¹jpess¹·⁵ibu⁵
1640 4121 1892 4304 &3⁰⁵va
1965 4211 1971 4222 ,

275 4253 348 4304 errrr
553 4279 563 4316 ,
648 4247 669 4300 e
782 4277 793 4315 ‚
826 4250 847 4301 o
921 4249 1039 4302 reucre
1066 4251 1087 4302 e
1128 4251 1173 4301 sn
1214 4245 1376 4305 eccrours
1429 4252 1487 4304 er
1564 4248 1678 4304 constr
1761 4246 1892 4305 acau-
1920 4269 1923 4282 ·

210 4323 367 4434 terqua
390 4335 596 4430 juramenta
628 4341 666 4404 et
696 4327 792 4428 quod
821 4327 976 4431 predicti
1008 4327 1164 4408 ducatus
1192 4253 1355 4408 JSienie
1387 4341 1425 4408 et
1450 4241 1719 4434 Opiliunsis
1750 4350 1891 4409 necnon

210 4433 368 4514 means
393 4445 432 4509 et
455 4433 586 4510 einins
611 4431 1010 4509 Wratislauieuris
1043 4445 1081 4510 et
1107 4435 1222 4512 eciam
1247 4435 1323 4510 alia
1348 4431 1474 4542 opida,
1505 4446 1616 4526 terre,
1644 4427 1830 4511 districtus
1855 4443 1894 4510 et

259 4537 433 4615 rduende
466 4559 544 4614 oum
575 4536 736 4612 omnbus
761 4531 944 4630 dominiis,
978 4535 1171 4613 honoribus
1202 4548 1241 4616 et
1264 4538 1407 4638 juribus
1440 4539 1518 4615 suis
1548 4560 1661 4638 regno
1692 4547 1745 4616 et·
1759 4557 1893 4618 corone

252 4640 395 4722 oemie
421 4638 470 4716 dc
495 4639 667 4716 communi
690 4637 891 4734 uoluntate,
916 4644 1002 4716 voto
1028 4653 1068 4717 et
1092 4638 1243 4720 consilio
1269 4639 1471 4720 eorumdem
1495 4641 1689 4745 principum
1715 4651 1754 4718 et
1776 4641 1893 4742 eciam

213 4747 361 4824 otiorum
386 4749 530 4845 quornm
560 4741 705 4822 adhoc
730 4742 860 4844 requiri
886 4742 1044 4824 debebat
1073 4769 1253 4822 assensus
1284 4753 1377 4823 mitt
1400 4759 1438 4824 et
1458 4753 1685 4845 incorporati
1710 4767 1757 4824 ac
1779 4745 1892 4822 irruis·

259 4971 292 5050 1)
319 4959 492 5032 Meirrmais
513 4959 680 5056 gedincht,
701 4957 735 5028 ιζ
748 4959 898 5030 Walther
918 4954 1029 5030 Siletia
1049 4959 1183 5054 diplom.
1203 4964 1228 5030 Ι.
1249 4985 1283 5055 p.
1303 4965 1336 5034 ⁷.
1487 4949 1490 4956 ¹
1603 5067 1648 5135 45
