4660 5762
674 513 885 588 nmen
940 507 1095 586 cdxx.
1124 513 1300 588 ccxxi.
1330 513 1531 588 cnxxss.
1878 521 1950 598 lii

256 710 356 892 Ἧι
372 723 412 790 ot
428 732 558 814 puecrn
574 736 722 814 semper
735 713 931 837 diiouiurus
952 725 995 792 et
1013 725 1194 816 optnnnrs,
1222 715 1377 836 monime
1395 715 1436 834 iu
1458 718 1612 817 negocio
1635 722 1822 848 coclerio,
1847 723 1952 802 druu-

258 817 1952 1024 ettittittttt‘dtttttttttetf¹,t·”btttd·ttt‘ittt:

258 1127 720 1229 mr„
1459 1027 1634 1130 su
1655 1035 1845 1128 ee
1873 1057 1950 1112 r·-

359 1537 462 1630 ltem,
481 1539 694 1635 (Thomos
711 1564 770 1641 cp.
790 1539 953 1640 Wrot.)
972 1538 1065 1617 doru.
1084 1539 1361 1642 orchicpiscopo
1385 1541 1695 1642 (Gueunensi).
1983 1553 2101 1607 (mi

359 1641 539 1720 lticclesic
563 1657 687 1720 nostre
711 1644 913 1720 continuum
935 1645 1206 1744 oppressionem
1229 1654 1267 1720 et
1283 1643 1522 1724 affliccionem
1540 1645 1771 1724 cottidianum
1787 1649 1948 1748 peterni-
1999 1634 2083 1759 ,133ξῆ

258 1745 321 1822 tuti
337 1757 463 1824 vestre
479 1746 668 1824 referimus
686 1771 766 1822 curn
784 1745 920 1824 dolore
938 1748 1111 1824 Dominus
1129 1747 1221 1824 enim
1238 1745 1474 1842 duxWrot,
1489 1751 1560 1850 qui,
1579 1749 1711 1826 obiitus
1727 1747 1790 1828 dei
1808 1761 1845 1828 et
1858 1775 1948 1828 oon·

256 1849 420 1928 emonem
436 1851 625 1941 inune-or,
652 1861 794 1943 coebo,
822 1851 991 1928 civitates
1015 1863 1053 1928 ct
1078 1873 1202 1928 omncs
1225 1851 1332 1928 villus
1357 1853 1522 1930 ecclesie
1547 1864 1671 1930 nostre
1693 1855 1888 1954 occuparit
1912 1866 1950 1932 et
2030 1879 2038 1892 ·

257 1949 395 2030 detinet
425 1965 621 2054 occupato,
663 1952 768 2028 modo
792 1979 836 2029 se
862 1955 1037 2030 convertit
1060 1952 1111 2030 ud
1134 1979 1263 2030 norum
1286 1952 1424 2030 ruodum
1456 1967 1495 2033 et
1524 1955 1718 2032 incuriituur
1751 1957 1950 2036 borr’mibus

256 2054 434 2132 seviendi.
487 2059 595 2156 Cogit
610 2063 702 2132 eninr
719 2071 796 2132 tom
813 2066 1006 2132 seculares
1022 2087 1133 2156 quam
1149 2065 1349 2156 regulares
1366 2066 1522 2134 clericos
1546 2067 1584 2134 iu
1602 2066 1810 2136 interdictio
1827 2069 1948 2138 eccie-

254 2165 324 2234 siis
349 2163 542 2234 celebrare
568 2173 605 2234 et
628 2187 700 2246 eoo,
727 2167 790 2258 qui
806 2175 997 2234 servantes
1018 2165 1275 2236 obedienciam
1293 2169 1418 2236 nolunt
1440 2169 1518 2236 suis
1539 2169 1845 2262 persuasionibus
1863 2192 1948 2239 con·

255 2269 409 2347 sentire,
441 2268 608 2358 privatos
630 2265 797 2336 omuibus
820 2266 922 2336 bouis
947 2269 1035 2336 eicit
1057 2269 1105 2338 de
1129 2269 1299 2337 ecclesiis
1325 2278 1361 2338 et
1382 2271 1550 2362 precipit
1572 2273 1730 2342 emutare
1754 2281 1793 2341 et
1808 2295 1895 2366 quos
1912 2282 1950 2344 et

255 2370 385 2462 quates
401 2371 478 2438 vult
500 2370 657 2440 intrudit
679 2371 732 2438 ud
756 2372 937 2440 eccleciae
954 2367 1171 2460 ejectorum,
1199 2365 1257 2464 qui
1282 2390 1348 2442 sue
1372 2391 1485 2466 preve
1510 2369 1745 2444 consenciunt
1760 2369 1947 2462 voluntati,
2052 2430 2056 2436 -
2113 2414 2117 2424 ·

254 2465 350 2542 sicru
366 2466 459 2544 lotor
476 2467 712 2567 presencium,
732 2465 824 2544 dom.
841 2467 868 2544 J
874 2467 1074 2546 ohannes
1091 2465 1397 2570 archipresbyter,
1417 2469 1500 2546 telis
1517 2469 1592 2548 loci
1609 2475 1755 2570 ejectus
1772 2497 1838 2573 per
1855 2498 1944 2550 eun-

254 2565 337 2646 dem
355 2567 500 2661 ducem,
526 2570 631 2646 vobis
649 2569 719 2648 bec
738 2582 777 2646 et
792 2570 867 2651 udin
881 2571 986 2672 pluro
1000 2582 1041 2650 et
1056 2571 1174 2670 nugis
1191 2573 1349 2649 enommu
1364 2571 1539 2670 reser(e]t
1564 2574 1706 2674 plenius
1730 2577 1818 2654 viru
1840 2599 1962 2654 voce·

255 2671 520 2773 propterquod
540 2671 792 2774 benignitatem
809 2688 967 2752 vestrum
985 2700 1053 2774 sup
1079 2673 1196 2750 liciter
1213 2672 1466 2776 deprecemur,
1517 2689 1669 2756 uetcnus
1695 2679 1800 2756 nobis
1824 2690 1861 2755 et
1879 2703 1947 2758 ec-

202 2807 208 2818 ·
261 2777 376 2854 elusio
393 2788 536 2956 nostre13
556 2778 648 2852 omui
667 2777 819 2855 consilio
837 2790 876 2856 et
892 2777 1028 2854 auxilio
1046 2701 1247 2870 destitutis,
1275 2776 1467 2882 providere
1490 2702 1684 2882 dignane
1706 2779 1755 2860 de
1779 2779 1949 2860 remediis

254 2881 447 2980 oportrmis.
538 2891 633 2959 utum
653 2933 813 2956 ......

356 3291 465 3383 item,
492 3289 705 3388 (Titurius
724 3314 783 3393 ep.
802 3291 962 3390 Wrot.)
990 3289 1112 3368 cbbcti
1127 3289 1472 3368 premonstratensis

357 3393 584 3472 obediencie
607 3395 706 3474 vires
731 3419 811 3472 orum
836 3395 968 3472 effectu
994 3395 1192 3472 observare
1216 3393 1432 3486 connititur,
1453 3393 1513 3494 qrni
1537 3417 1586 3471 ex
1613 3394 1737 3472 conus
1762 3393 1949 3494 legittimis
1964 3405 2115 3459 omns

254 3499 520 3578 rucionobiliter
532 3509 742 3590 excusatio,
759 3510 799 3577 et
814 3495 954 3578 idcirco
972 3522 1038 3574 uos
1055 3495 1232 3598 quasdem
1247 3497 1489 3578 raeiomoiles
1507 3522 1644 3576 cousus
1662 3498 1861 3579 sinceritati
1877 3523 1948 3576 ve-
1963 3487 2115 3621 OQM

254 3615 330 3680 stre
347 3615 472 3683 tenore
490 3603 716 3703 presencium
734 3602 935 3678 curavimus
953 3601 1095 3704 aperire
1113 3625 1176 3704 pro
1194 3601 1305 3678 frutre
1323 3601 1568 3694 Dominico,
1583 3602 1769 3704 preposito
1787 3602 1946 3678 Domus-
2069 3672 2074 3690 ,

254 3703 314 3784 dei
330 3707 376 3799 ¹),
401 3707 519 3786 vestri
536 3703 671 3784 ordinis
689 3715 811 3782 nostre
830 3703 1024 3806 dyocesis,
1049 3706 1127 3782 viro
1145 3706 1265 3805 utique
1281 3705 1473 3804 religioso,
1500 3703 1599 3782 fideli
1623 3705 1659 3780 iu
1682 3705 1854 3804 regimine
1876 3705 1948 3784 sibi

144 3869 147 3876 .
254 3809 444 3888 commisso
463 3821 501 3885 et
516 3809 551 3884 in
569 3807 823 3910 temporalibus
842 3811 1119 3990 circumspecto.
1172 3809 1262 3900 Quis
1281 3809 1374 3886 euim
1390 3810 1523 3886 ubnrrrc
1538 3831 1609 3886 non
1627 3831 1716 3886 esse
1729 3833 1867 3888 causes
1883 3831 1945 3884 ru-

254 3913 467 4006 cionubiles,
485 3933 690 4012 metrorum
707 3911 965 4012 inpressiones
1009 3937 1108 4006 uros,
1131 3913 1258 4012 quibus
1275 3936 1346 3989 nou
1363 3913 1477 3988 solum
1495 3922 1621 3990 nostro
1637 3910 1815 4012 dyocesis
1830 3933 1948 4012 ymmo

253 4027 331 4096 toto
346 4015 544 4096 Poloniu
568 4015 735 4094 continue
751 4015 919 4116 premitur
944 4026 982 4094 ct
998 4027 1168 4107 vexetur,
1196 4015 1380 4092 caristium
1395 4015 1535 4106 victuro,
1562 4035 1634 4114 qus
1654 4025 1791 4092 nostre·
1803 4011 1947 4115 dyoce-

255 4120 309 4199 sis
327 4121 487 4220 gruviter
505 4129 565 4198 cst
589 4117 751 4210 efflicte,
773 4128 812 4196 et
835 4117 932 4217 quod
955 4115 1053 4195 idem
1068 4118 1291 4218 prepositus,
1320 4139 1400 4194 cum
1423 4118 1617 4216 instructum
1636 4114 1706 4194 sibi
1723 4141 1748 4192 u
1764 4115 1948 4216 dekgctis

255 4220 359 4302 sedis
376 4223 580 4326 upostoltce
597 4217 774 4322 quoddam
791 4221 982 4320 negocium
999 4221 1281 4320 exequeretur⁹)
1298 4243 1363 4322 pro
1381 4219 1545 4301 ecdee'e
1570 4230 1693 4297 nostre
1710 4220 1828 4312 sueto,
1854 4221 1952 4296 iutro·

300 4525 330 4603 1)
361 4519 425 4584 Des
447 4519 491 4584 irn
512 4519 538 4584 J.
563 4517 645 4584 1223
667 4520 700 4584 in
723 4513 867 4608 Rybnik,
890 4515 952 4581 80.
975 4515 1016 4580 lt
1037 4515 1081 4581 M.
1104 4537 1166 4578 von
1188 4511 1333 4666 Ἥξει,
1360 4537 1423 4580 von
1444 4514 1501 4579 der
1523 4511 1627 4581 Hecto
1652 4513 1683 4578 'n
1704 4509 1863 4578 Ludmilln
1884 4535 1947 4579 von

360 4601 489 4696 Oppeln
510 4601 676 4694 gestistcte,
698 4625 760 4668 von
782 4601 880 4666 deren
895 4600 1003 4666 Sohne
1027 4599 1207 4664 Kesimirl
1296 4598 1380 4664 nuch
1395 4599 1619 4681 Cznrnomnz,
1705 4599 1759 4666 W.
1783 4597 1861 4666 lM.
1884 4619 1947 4696 von

360 4687 497 4780 Oppeln,
519 4685 655 4778 verlegte
677 4681 1271 4752 Priimonstrutenser-Nonneukloster
1291 4684 1450 4763 Rosidom,
1472 4682 1635 4764 Polnisch,
1657 4683 1687 4748 d.
1710 4685 1729 4748 i.
1752 4683 1864 4750 domus
1887 4682 1947 4762 der,

286 4784 288 4788 ’
362 4773 561 4842 Goueshm

282 4879 331 4958 ey
358 4872 615 5027 {fflivffi
629 4869 922 5024 ppmpffiue
948 4823 1138 4938 sentem
1155 4891 1258 4962 ,egen
1285 4869 1356 4964 uin·
1374 4869 1503 4964 nemg
1527 4869 1680 4936 nessei
1702 4869 1756 4936 ιν.
1804 4869 1837 4934 s.
1866 4867 1946 4934 orn.

1633 5054 1704 5120 ,p
