4552 5786
847 539 1055 611 &heodem
1112 537 1210 611 ίῸΒ.
1370 584 1470 642 -ἣ
1622 477 1629 572 l
1789 535 1867 616 847

188 743 300 832 ιὶιιιι,
331 739 502 820 mandare
533 741 712 818 tenebitur
734 741 812 816 suis
842 741 1059 844 principibus
1083 739 1235 816 vasallis
1262 763 1308 816 ac
1334 739 1652 832 civitatense,
1686 743 1868 842 guerram

187 845 351 924 ecclesie
363 846 505 922 Wrat.
533 869 676 922 movere
701 843 901 922 volentibus
926 869 993 920 seu
1019 846 1252 936 mouentibus,
1280 855 1317 918 ut
1342 845 1388 919 ab
1404 844 1637 945 impeticioue
1662 845 1866 946 hujusmodi

85 1005 92 1012 -
188 949 377 1050 quiescam
403 947 611 1040 omnimode,
639 946 757 1026 donec
782 949 875 1024 iuter
896 958 1021 1050 portes
1045 949 1147 1048 ipses
1174 945 1388 1024 decernatur
1407 948 1574 1047 justicie,
1611 959 1649 1024 et
1673 950 1707 1024 si
1732 952 1865 1052 priuci-

187 1077 258 1155 pes
283 1053 353 1154 ipsi
379 1054 440 1130 uel
465 1053 598 1132 civitas
614 1053 752 1128 Wrat.
773 1051 926 1150 justicia
949 1052 1123 1128 noluerint
1148 1052 1356 1143 contentari,
1383 1075 1433 1127 ex
1458 1062 1542 1128 tuuc
1564 1052 1647 1152 ipse
1663 1075 1730 1127 rex
1745 1053 1868 1132 lloe‘-

187 1157 272 1236 utic
296 1155 457 1234 dominos
483 1165 626 1232 nostros
653 1211 692 1230 ..
720 1155 914 1256 episcopos
943 1210 981 1228 ..
1009 1155 1211 1255 capitulum,
1239 1156 1433 1234 ecclesiam
1460 1155 1601 1230 Wrat.
1629 1179 1707 1248 nos,
1735 1159 1864 1234 civim-

188 1269 260 1338 teur
286 1271 324 1336 et
348 1273 477 1338 terram
501 1260 541 1336 N
547 1283 765 1362 yseusem
789 1259 825 1332 iu
845 1259 988 1358 juribus
1014 1259 1092 1334 suis
1119 1260 1294 1338 tenebitur
1318 1257 1505 1359 adjuvare.
1550 1258 1688 1360 Sopitis
1713 1285 1801 1337 ueto
1826 1275 1868 1339 et

189 1364 426 1464 complanatis
449 1363 801 1464 impungnooionibos
827 1375 864 1437 et
890 1359 1171 1439 adversitatibus
1197 1361 1398 1463 hujusmodi
1420 1363 1514 1439 inter
1536 1387 1658 1463 regem
1684 1365 1866 1442 Boemie

190 1491 256 1544 seu
282 1468 463 1568 principes
489 1467 652 1542 vasallos
679 1489 766 1540 suos
792 1489 838 1541 ac
863 1466 978 1568 ipsam
1006 1467 1145 1542 Wrat.
1174 1469 1353 1544 civitatem
1380 1489 1429 1542 ex
1455 1491 1525 1541 una
1550 1479 1587 1543 et
1612 1465 1773 1544 dominos
1799 1491 1865 1543 no-

190 1581 286 1646 stros
387 1572 602 1672 episcopos,
637 1569 695 1669 qui
725 1577 801 1670 pro·
823 1581 982 1671 tempore
1008 1569 1147 1662 suerint,
1175 1581 1213 1646 et
1247 1625 1285 1644 ..
1319 1570 1506 1671 capitulum
1533 1581 1636 1671 parte
1663 1595 1712 1647 ex
1737 1571 1864 1662 altera,

189 1673 361 1774 quociens
386 1673 424 1748 id
451 1671 639 1763 acciderit,
666 1697 810 1774 semper
835 1671 1024 1773 sepedicto
1051 1671 1143 1748 dom.
1161 1673 1331 1750 Karolo
1356 1698 1492 1750 necnon
1508 1671 1704 1750 heredibus
1723 1687 1760 1751 et
1777 1701 1865 1753 suc-

102 1787 105 1798 '
190 1777 399 1854 cessoribus
424 1777 502 1850 suis
527 1777 673 1876 regibus
701 1777 880 1852 Boemie
906 1774 955 1851 ad
980 1775 1219 1878 prcfflctorum
1243 1787 1439 1852 nostrorum
1464 1779 1713 1878 promissorum
1738 1779 1865 1855 obser-

189 1879 353 1956 vmeim
379 1882 563 1981 perpetuis
588 1880 750 1954 volumus
775 1880 992 1981 temporibus
1019 1881 1181 1980 obligari.
1225 1879 1266 1954 ln
1292 1885 1397 1980 cuijus
1422 1881 1476 1956 rei
1500 1881 1735 1956 testimoninm
1761 1881 1867 1981 sigil-
1956 1947 1970 1967 .,

189 1983 259 2060 lum
276 1983 442 2068 „umatus
468 1995 591 2058 nostre
614 1983 840 2084 presentibus
866 1993 925 2060 est
949 2009 1156 2084 appensum.
1200 1985 1284 2058 Nos
1310 2008 1448 2084 quoque
1465 1985 1731 2076 Priculeus,
1758 1983 1864 2086 dgr.
1903 1979 1906 1990 '

190 2087 330 2162 Wrat.
357 2087 518 2164 ecclesie
545 2087 756 2188 episcopus,
784 2111 855 2162 una
880 2112 958 2163 com
985 2141 1024 2161 ..
1052 2087 1208 2188 eapimlo
1234 2085 1456 2188 supradicto,
1491 2087 1651 2163 similiter
1675 2101 1869 2192 sperantes

191 2201 229 2268 et
253 2201 419 2268 tenentes
444 2189 588 2266 indubie
614 2213 663 2266 ex
688 2187 844 2290 predicti
866 2188 961 2264 dom.
986 2190 1149 2265 Karoli
1174 2201 1213 2266 et
1238 2189 1407 2266 heredum
1434 2215 1479 2268 ac
1504 2195 1758 2268 successorum
1784 2198 1874 2292 ejus¹

191 2295 314 2392 re'gom
339 2295 519 2370 Boemie
545 2295 792 2394 proteecioue,
818 2293 944 2392 ςιιιιὶι
969 2307 1007 2370 et
1031 2293 1175 2385 farore,
1203 2319 1288 2384 nos,
1314 2295 1511 2371 ecclesiam
1536 2307 1692 2370 nostrum
1717 2321 1764 2374 ac
1790 2297 1868 2371 siu-

191 2397 340 2496 gulares
365 2421 542 2498 personas
567 2395 732 2497 ejusden
756 2398 942 2498 ipsamque
967 2405 1098 2473 terram
1113 2399 1371 2500 Nysensem
1395 2399 1572 2476 continuis
1588 2401 1692 2500 pacis
1710 2410 1748 2476 et
1764 2401 1867 2500 quie-

64 2550 68 2568 .
191 2502 240 2576 tis
264 2501 439 2600 prolicere
463 2501 708 2592 incrementis,
738 2515 927 2601 presentes
952 2501 1079 2576 literas
1102 2499 1294 2602 sepedicto
1320 2500 1413 2577 dom.
1440 2514 1561 2578 nostro
1586 2501 1767 2596 liureio,
1798 2504 1868 2580 be-

193 2601 338 2680 redibus
363 2629 502 2704 quoque
528 2615 565 2680 et
588 2605 868 2682 successoribus
893 2605 970 2678 suis
997 2604 1176 2680 Boemie
1211 2605 1355 2703 regibus
1381 2631 1448 2680 nos
1474 2605 1670 2683 mandasse
1702 2605 1781 2682 deri
1806 2631 1870 2683 re·

194 2709 468 2806 congnoscimus
500 2717 538 2784 et
569 2708 604 2783 iu
638 2708 870 2784 testimouium
902 2707 1009 2807 hujus
1042 2707 1196 2806 sigillum
1221 2719 1377 2783 nostrum
1409 2719 1447 2786 et
1472 2707 1559 2786 dicti
1585 2711 1732 2812 capituli
1758 2711 1870 2786 nostri

192 2810 420 2910 presentibus
446 2811 575 2912 apponi
595 2811 771 2911 jussimus
798 2835 865 2887 seu
891 2807 1057 2912 appendi.
1092 2813 1220 2886 llatum
1246 2811 1286 2886 N
1291 2836 1385 2912 yse,
1412 2837 1503 2888 auno
1529 2811 1661 2890 domini
1682 2813 1871 2891 millesimo

193 2911 297 2992 CCC
324 2914 615 3014 quinquagesimo
639 2915 762 3016 primo,
795 2915 830 2988 in
856 2911 917 2990 dic
942 2913 1102 2989 Omnium
1127 2913 1351 2992 Sanctorum.

296 3017 348 3090 tn
374 3017 456 3094 lruie
481 3017 587 3094 litere
610 3019 681 3093 tria
707 3017 829 3115 sigilla
853 3017 888 3091 iu
914 3018 1092 3117 pressulis
1115 3019 1322 3119 pergemeni
1347 3018 1487 3094 fcemtnt
1511 3043 1692 3119 appensa,
1726 3033 1764 3095 et
1794 3021 1869 3120 pri-

194 3145 283 3196 ιιιιιιιι
308 3117 438 3196 dicitur
464 3144 553 3196 esse
581 3121 738 3196 ciuitatis
755 3121 795 3195 N
801 3121 1007 3221 yseusis,
1032 3123 1068 3196 in
1095 3125 1202 3221 cujus
1226 3121 1335 3220 sigilli
1360 3117 1478 3196 medio
1504 3131 1578 3196 stat
1598 3131 1723 3199 amem
1737 3145 1871 3223 ymago

194 3251 225 3298 s.
249 3222 427 3300 Jobaunis
461 3223 634 3324 baptiste,
670 3224 704 3296 in
738 3223 904 3298 uestibus
929 3224 1033 3323 quasi
1056 3225 1182 3325 pilosis
1207 3223 1414 3325 desculpta,
1442 3225 1476 3298 in
1503 3251 1573 3300 sua
1596 3251 1699 3299 mauu
1726 3226 1872 3301 sirristrs

194 3349 322 3426 ιςιιιιιιι
346 3325 514 3426 bajulans
538 3350 616 3401 cum
641 3324 761 3402 indice
787 3324 916 3402 dextre
941 3353 1066 3402 manus
1083 3351 1211 3428 agnum
1228 3329 1341 3428 ipsum
1365 3325 1530 3404 indicens
1557 3341 1594 3404 et
1610 3326 1870 3421 demonstrans,

191 3435 301 3530 juxta
327 3434 432 3529 cujus
457 3429 634 3530 ymaginis
659 3427 776 3530 pedes
801 3455 932 3506 versus
957 3430 1120 3525 dextram
1147 3429 1311 3532 ejusdem
1336 3431 1513 3533 ymaginis
1539 3429 1731 3533 desculpta
1749 3432 1873 3508 existit

196 3531 346 3634 quedam
372 3557 502 3633 ymago
528 3533 759 3632 geniculans,
792 3535 925 3608 mitram
957 3535 1195 3636 pontificalem
1219 3537 1255 3610 in
1282 3536 1401 3638 capite
1434 3546 1586 3634 gestans
1612 3561 1658 3614 ac
1684 3537 1871 3638 pontifica-

196 3637 291 3712 libus
314 3635 438 3712 induta
461 3661 585 3712 marrus
612 3647 781 3736 utrasque
808 3637 910 3736 quasi
944 3636 994 3712 ad
1019 3637 1188 3713 orandum
1214 3639 1351 3715 habens
1377 3639 1544 3714 elevans
1568 3663 1698 3715 versus
1729 3641 1870 3742 ymagi-
1920 3685 1922 3692 ,
1989 3676 2015 3686 s·

196 3763 276 3816 nem
308 3765 340 3814 s.
373 3739 550 3816 Jolteunis
581 3738 796 3841 predictum,
829 3743 864 3816 in
900 3745 1005 3841 cujus
1038 3741 1178 3842 quidem
1210 3743 1320 3842 sigilli
1353 3743 1646 3819 circumferencia
1670 3743 1743 3819 hee
1768 3744 1872 3821 litere

197 3843 376 3945 capitales
410 3856 491 3918 suut
524 3841 719 3944 descripte.
761 3833 811 3921 ’8.
841 3847 982 3919 Civium
1007 3851 1056 3922 dc
1081 3851 1191 3944 szo
1211 3851 1392 3944 fidelium
1425 3849 1601 3921 Ecclem‘e.
1665 3845 1871 3923 Secundum
1989 3839 1992 3847 λ

196 3971 284 4024 uero
310 3945 464 4044 sigillum
490 3945 633 4047 profete
658 3947 761 4023 litere
777 3971 974 4048 appensum
992 3946 1121 4025 dicitur
1138 3973 1226 4024 esse
1245 3961 1283 4024 et
1298 3949 1414 4024 fuisse
1431 3950 1584 4048 sigillum
1602 3947 1694 4024 don.
1713 3951 1872 4027 Pnice-

68 4075 71 4084 ’
197 4049 278 4142 lai,
310 4049 392 4126 olim
419 4073 476 4150 ep.
505 4051 642 4126 Wrat.
677 4062 715 4126 et
745 4050 781 4126 iu
813 4051 919 4150 bujus
951 4051 1061 4150 sigilli
1093 4049 1209 4128 medio
1235 4053 1301 4126 sub
1327 4051 1534 4150 qtribtrsdam
1568 4053 1713 4129 ciboriis
1738 4051 1873 4128 sedere

199 4151 411 4230 cernebatur
436 4151 587 4252 quedam
612 4177 755 4255 ymago,
782 4167 934 4252 gestans
959 4156 994 4228 in
1021 4156 1141 4256 capite
1164 4155 1407 4256 episcopalem
1431 4156 1575 4248 mitram,
1601 4155 1795 4256 pontificali
1811 4179 1872 4231 cr·

199 4267 283 4334 rmtu
307 4255 443 4348 induta,
469 4254 635 4333 dextram
658 4282 796 4332 manum
821 4269 859 4332 et
883 4258 1093 4358 specialiter
1116 4263 1199 4358 ejus
1226 4255 1317 4334 duos
1344 4257 1477 4358 digitos
1502 4259 1641 4334 babens
1677 4258 1727 4334 ad
1759 4261 1872 4336 bene-

199 4357 387 4438 dicendum
421 4361 607 4452 elevatos,
638 4360 674 4434 iu
708 4360 855 4436 sinistra
884 4383 973 4436 vero
1006 4387 1107 4435 mauu
1143 4356 1303 4438 baculum
1334 4363 1447 4438 tenuit
1479 4363 1711 4464 pastoralem,
1740 4362 1779 4437 iu
1804 4387 1873 4463 quo

201 4465 317 4542 eeisut
342 4463 463 4561 sigillo
489 4462 560 4540 duo
586 4463 695 4564 clipei
719 4463 851 4564 sculpti
873 4463 1025 4555 luerunt,
1051 4489 1141 4540 uuus
1167 4464 1217 4541 ud
1243 4470 1325 4566 ejus
1351 4464 1525 4555 dextram,
1551 4468 1586 4540 iu
1612 4469 1718 4565 cujus
1743 4491 1873 4569 supu-
2005 4503 2010 4514 ·

198 4568 283 4646 tieie
308 4567 451 4665 sculptc
475 4566 617 4643 luerunt
641 4591 713 4643 sex
736 4567 829 4658 lilia,
863 4567 956 4642 alter
978 4566 1028 4642 sd
1053 4569 1249 4660 sinistram,
1282 4571 1318 4644 iu
1345 4573 1450 4670 cujus
1477 4568 1671 4670 supsucie
1697 4581 1772 4646 mes
1796 4581 1872 4648 tur-

200 4697 263 4750 res
288 4670 433 4748 elevate
458 4670 600 4771 sculpto
623 4671 765 4746 ineunt
790 4671 888 4746 etin
912 4671 1019 4770 hujus
1043 4673 1155 4771 sigilli
1186 4671 1483 4750 circrrml‘ereneia
1513 4673 1608 4749 talea
1639 4673 1744 4749 litere
1770 4675 1871 4776 cepi-
2020 4697 2027 4706 ·

202 4775 298 4852 tales
329 4773 552 4872 tegetanmr.
604 4779 643 4849 S.
674 4779 856 4851 Prarlzlai
887 4781 951 4850 dai
981 4801 1059 4874 gra
1081 4781 1157 4874 Epi
1182 4783 1392 4852 Wratistan
1450 4777 1619 4854 'l'ereium
1649 4777 1736 4854 iero
1767 4778 1871 4878 sig'l·¹

201 4879 272 4954 lum
296 4875 437 4978 prefate
469 4875 574 4951 litere
607 4899 802 4976 appensum
834 4875 962 4954 dicitur
995 4902 1083 4954 esse
1115 4879 1268 4979 sigillum
1303 4904 1348 4956 ce
1372 4878 1447 4954 ituli
1480 4880 1643 4958 ecclesio
1668 4881 1871 4958 Wratis-

202 4980 443 5073 hoiensis,
471 4989 509 5056 et
532 4979 568 5054 in
595 4977 701 5078 hujus
727 4981 837 5081 sigili
861 4979 979 5058 medio
1003 4981 1149 5084 depiote
1174 4982 1314 5060 fluerunt
1336 4907 1410 5060 ciue
1432 4984 1632 5086 ymagines,
1657 4983 1872 5062 nuadomiui

1385 5115 1389 5124 ,
1470 5137 1476 5150 ι
1564 5100 1634 5167 44*
1708 5133 1711 5141 Ι
