4594 5774
867 519 1080 594 &tumea
1137 521 1273 596 OGW.
1837 527 1913 608 261

224 743 320 801 sana
343 731 462 800 mente
486 731 661 826 perpetuo
686 717 805 798 eidem
831 721 996 800 eeclesia
1020 723 1069 799 ab
1093 723 1254 800 umbus
1279 721 1558 826 inriyolabilitor
1582 726 1807 807 observetur.
1872 729 1918 810 Sl

224 825 305 926 qais
331 837 449 902 autem
477 837 603 902 eontra
634 822 869 904 donacionem
900 835 972 902 tam
997 826 1091 926 piam
1116 827 1255 904 venerit
1288 837 1325 902 et
1352 851 1432 903 eam
1456 828 1619 929 viyolare
1643 835 1914 938 presumpserit,

223 927 412 1005 libertates
439 940 477 1005 et
496 934 583 1028 jora
607 927 716 1027 hujus
739 927 966 1027 infringendo
996 939 1059 1004 aut
1084 927 1134 1004 ad
1158 929 1231 1006 boc
1256 927 1477 1022 mandatum,
1511 933 1695 1010 consilinm
1721 937 1783 1014 vel
1809 937 1917 1014 arxi·

224 1031 309 1106 lium
333 1031 533 1132 prebuerit,
568 1055 711 1108 exnunc
743 1041 847 1132 pmnt
872 1041 1007 1108 extunc
1039 1032 1156 1132 ipsum
1182 1047 1220 1109 ct
1246 1057 1370 1110 omnes
1395 1034 1491 1110 tales
1517 1035 1552 1108 in
1578 1035 1648 1110 biis
1674 1040 1820 1141 scriptis
1846 1066 1917 1118 ex·

226 1135 524 1212 oommurricamur
556 1145 593 1210 et
620 1158 645 1212 a
669 1146 799 1222 sancte
832 1134 955 1208 matris
987 1135 1151 1214 ecclesie
1185 1137 1320 1236 gremio
1349 1159 1574 1238 separamus.
1627 1141 1759 1216 Actum
1785 1143 1916 1220 Wra-

226 1237 440 1330 tislanie,
466 1237 630 1340 proxima
654 1235 748 1313 feria
772 1235 938 1314 secunde
1033 1248 1048 1313 t
1072 1237 1167 1315 diem
1192 1239 1389 1314 nativitatis
1407 1241 1524 1318 sancti
1541 1240 1720 1338 lobannis
1748 1246 1916 1346 baptiste,

225 1340 454 1442 presentibus
480 1341 670 1417 abbatibus
696 1340 919 1431 bubersi,
972 1340 1313 1432 ellenricbow,
1340 1341 1389 1420 dc
1414 1343 1661 1445 Kamencb,
1690 1343 1738 1423 de
1763 1371 1797 1422 s.
1823 1345 1916 1426 Ma·

225 1443 313 1536 ria,
339 1441 389 1520 de
406 1469 439 1518 s.
457 1443 711 1520 Vincencio
737 1453 776 1517 et
801 1441 883 1518 aliis
910 1441 1056 1522 clericis
1081 1455 1153 1520 tam
1178 1445 1361 1546 religiosis
1387 1471 1490 1546 quoru
1517 1447 1744 1524 secularibus
1770 1459 1809 1526 et
1833 1451 1917 1530 aliis

225 1547 362 1636 multis,
389 1571 483 1622 anno
508 1543 639 1620 domini
664 1541 777 1623 MCC
803 1547 1046 1646 nonagesimo.
1223 1549 1227 1556 '

329 1649 465 1725 Verum
491 1650 575 1748 qnia
600 1649 909 1749 compastoralis
935 1649 1046 1726 officii
1072 1674 1140 1726 uos
1164 1651 1308 1744 invitat,
1340 1649 1477 1730 inducit
1508 1652 1645 1754 pariter
1676 1665 1714 1731 et
1745 1655 1915 1748 bortatur,

225 1764 265 1828 ut
290 1750 386 1852 qnod
411 1775 476 1854 pro
503 1748 688 1828 commodo
723 1752 962 1830 ecclesiarum
991 1753 1189 1830 ethonore
1214 1779 1261 1832 ac
1286 1754 1406 1830 seinte
1432 1756 1620 1850 animamm
1647 1755 1795 1848 fuerim,
1831 1783 1916 1860 pro-

225 1855 372 1932 veniunt
396 1879 443 1931 ac
473 1853 679 1931 ordinentur
710 1865 847 1976 nostra·
865 1879 933 1930 nos
959 1854 1071 1934 decet
1102 1855 1402 1934 consideracione
1434 1882 1481 1934 ac
1513 1859 1635 1935 studio
1665 1861 1848 1960 vigilanti,
1880 1875 1918 1936 ut

224 1956 969 2160 zffnddddiiiopdlmouoffisuprtditiddairie
1001 1961 1917 2168 didddimridirirutdtdmdddlddddiztdopilddidffldt

225 2164 401 2242 naciones
423 2163 642 2256 libertatum,
667 2163 757 2240 licet
780 2163 958 2239 hactenns
985 2163 1150 2242 ecclesia
1174 2165 1313 2241 Wrat
1345 2191 1462 2266 ymmo
1487 2169 1605 2244 tocius
1631 2169 1843 2262 Polonie,
1870 2170 1916 2246 li·-

227 2267 378 2344 bcrtatis
403 2267 592 2366 privilegio
617 2267 732 2367 potita
757 2267 803 2340 ab
831 2266 992 2342 omnibus
1016 2267 1178 2367 angariis
1204 2278 1242 2344 et
1266 2269 1493 2368 perangariis
1520 2283 1624 2348 esset
1650 2283 1830 2374 exempta,
1856 2283 1916 2348 ta-

226 2393 306 2446 men
341 2393 390 2446 ex
416 2369 488 2445 hoc
519 2367 673 2470 speciali
705 2367 945 2444 concessione
971 2369 1107 2444 Wrat.
1142 2369 1340 2446 ecclesiam
1373 2382 1552 2471 totumque
1585 2373 1718 2450 clemm
1750 2375 1917 2453 libertate

227 2465 427 2548 omnimoda
458 2497 505 2548 ao
533 2471 667 2570 jurium
698 2468 877 2546 ducalium
910 2471 946 2564 in
972 2482 1047 2547 toto
1073 2469 1251 2572 dystrictu
1278 2470 1455 2574 dyocesis
1480 2475 1616 2551 Wrat.
1644 2490 1683 2553 et
1707 2477 1918 2578 specialiter

226 2575 262 2650 in
288 2575 394 2650 terris
420 2585 459 2650 et
483 2573 706 2651 districtibus
732 2572 1167 2650 Otbomucbouieusi
1194 2585 1232 2651 et
1256 2575 1450 2652 Nineusi
1476 2575 1573 2654 datis
1600 2589 1638 2655 et
1655 2577 1798 2656 donatis
1823 2605 1917 2680 gau·

226 2676 315 2754 deat
340 2687 379 2752 et
403 2675 565 2776 gaudere
592 2675 728 2754 debeat
753 2677 918 2754 ecclesia
943 2675 1174 2779 supradicta,
1208 2674 1342 2752 devoto
1374 2679 1489 2755 animo
1522 2681 1766 2782 suscipientes
1780 2677 1830 2760 'et
1856 2681 1917 2761 dei

227 2779 460 2858 clemenciam
484 2778 690 2872 laudantes,
716 2780 820 2882 ipsas
846 2778 1069 2858 donaciones
1090 2781 1290 2856 libertatum
1316 2805 1364 2856 ac
1383 2783 1515 2882 jurium
1541 2781 1718 2860 ducalinm
1744 2809 1809 2887 pro
1835 2787 1918 2887 ipso

226 2883 425 2961 venerabili
456 2883 567 2960 lrotre
600 2896 743 2975 nostro,
766 2880 870 2958 dom.
905 2885 1080 2986 episcopo
1113 2907 1160 2959 ac
1194 2882 1359 2959 ecclesia
1389 2909 1459 2960 sua
1484 2885 1619 2960 Wrat.
1645 2898 1791 2987 totoque
1817 2889 1917 2967 clero

226 2987 341 3088 ipsius
367 2984 544 3087 dyocesis
575 2986 690 3086 recipi
721 2985 966 3086 prosequimur
999 2997 1037 3062 et
1062 2995 1314 3088 acceptamus,
1346 2986 1462 3086 ipsios
1486 2988 1657 3088 principis
1684 2999 1722 3064 et
1746 2992 1917 3089 progeni-

227 3101 339 3165 torum
365 3112 519 3181 suornm,
545 3086 705 3165 divorum
730 3089 924 3189 principum
956 3087 1138 3180 Sleaie,
1171 3087 1364 3164 Polonie
1389 3111 1437 3166 ac
1462 3087 1691 3166 Craconie
1718 3093 1916 3170 memoriam

227 3203 351 3268 nostre
374 3191 560 3294 provincie
586 3189 826 3268 ecclesiarum
858 3191 1085 3268 oracionibus
1110 3215 1175 3292 pro
1200 3200 1272 3266 tam
1299 3190 1434 3267 devota
1459 3189 1705 3292 disposicione
1740 3205 1778 3269 et
1802 3195 1917 3294 largi·

228 3306 304 3372 tate
331 3293 456 3372 debita
480 3291 781 3372 commendamus.
824 3293 1071 3370 Peticionibus
1097 3291 1337 3395 predictorum
1361 3293 1616 3370 honorabilium
1641 3295 1804 3386 virorum,
1830 3321 1916 3397 pro·

228 3408 428 3475 curatorum
455 3407 494 3474 e't
518 3397 722 3474 nunciorum
746 3394 902 3498 predicti
926 3396 1049 3473 fratris
1075 3397 1187 3472 nostri
1212 3397 1432 3474 venerabilis
1457 3394 1550 3472 dom.
1577 3397 1742 3499 episcopi
1766 3399 1916 3490 Wrat,

227 3501 332 3578 nobis
359 3512 396 3577 et
420 3499 590 3576 sratribns
617 3500 848 3600 coepiscopis
881 3501 917 3576 in
944 3497 1073 3577 eodem
1099 3510 1223 3576 nostra
1247 3500 1458 3600 provinciali
1484 3498 1627 3602 synodo
1651 3502 1847 3602 pomectis‚
1879 3503 1918 3578 at

228 3605 451 3704 sentenciam
476 3601 862 3679 excommunicacionis
886 3626 953 3703 per
977 3604 1093 3704 ipsum
1118 3603 1264 3680 fratrem
1289 3615 1444 3678 nostmm
1477 3603 1686 3704 episcopum
1711 3605 1848 3682 Wrat.
1881 3605 1918 3680 in

229 3707 388 3809 scriptis,
416 3731 484 3804 que
510 3704 663 3780 vidimus
690 3717 728 3781 et
753 3703 953 3782 andimmns
978 3707 1014 3781 in
1040 3703 1180 3792 eodem¹
1196 3703 1337 3806 synodo
1363 3706 1506 3807 prolato
1529 3717 1567 3782 et
1583 3707 1767 3807 publicata
1792 3717 1919 3786 contra

228 3834 353 3888 omnes
370 3809 604 3910 viyolatores,
621 3809 811 3885 inrosores
825 3807 939 3903 sacto,
957 3807 1137 3901 mandato,
1156 3809 1307 3886 oonsilio
1321 3819 1359 3885 et
1372 3809 1507 3884 anxilio
1520 3809 1720 3885 libertobrm
1733 3833 1780 3886 ee
1787 3809 1919 3908 jurium

230 3912 428 4004 ducalium,
458 3911 551 4012 ipsis
578 3909 719 3986 domino
746 3913 920 4012 episcopo
947 3921 984 3988 et
1010 3911 1174 3988 ecclesie
1200 3935 1247 3988 ac
1272 3911 1337 3986 toti
1363 3911 1463 3987 clero
1488 3911 1624 3986 Wrat.
1652 3908 1828 4012 dyocesis
1854 3933 1920 4011 per

228 4013 427 4120 predictum
444 4015 639 4116 principem
656 4013 925 4090 exbabundanti
952 4013 1172 4104 donatorum,
1200 4036 1278 4088 cum
1304 4012 1399 4088 alias
1424 4013 1495 4114 ipsi
1520 4015 1567 4089 ab
1586 4014 1745 4112 angariis
1772 4025 1809 4102 ct
1832 4037 1918 4112 per·
2063 4094 2065 4102 ,

61 4165 65 4172 ·
230 4119 390 4218 angariis
422 4118 519 4215 legis
552 4115 672 4192 divine
698 4114 839 4214 judicio
867 4131 994 4192 essent
1018 4115 1215 4215 premonita
1239 4114 1366 4214 gracia
1390 4115 1586 4207 libertatis,
1613 4125 1735 4191 nosbe
1760 4115 1918 4214 euotop'·

231 4223 318 4296 tatis
349 4231 387 4296 et
417 4220 564 4296 smtrum
594 4231 792 4294 nostrorum
826 4219 1121 4319 coepiscoporum
1154 4241 1201 4293 ao
1233 4218 1352 4292 tocius
1376 4215 1523 4316 synodi
1556 4215 1716 4318 presidio
1748 4218 1918 4292 roborare

231 4333 358 4401 oontm
383 4319 533 4404 eosdem
562 4323 622 4422 pio
649 4318 833 4397 desiderio
860 4317 1104 4419 dignaremur,
1137 4343 1205 4394 nos
1237 4319 1360 4417 itaque
1393 4316 1670 4394 considerantes
1702 4321 1798 4396 vota
1815 4322 1919 4418 justa

229 4426 431 4529 potenciam
459 4437 498 4502 et
521 4422 715 4527 providere
740 4423 908 4500 volentes
931 4422 1195 4498 inmunitatibus
1229 4421 1393 4498 ecclesie
1418 4421 1556 4498 Wrat.
1591 4445 1670 4498 oum
1696 4422 1766 4497 sibi
1791 4422 1918 4520 subje-

231 4530 303 4607 ctis
329 4539 366 4605 et
392 4527 502 4604 saluti
527 4529 644 4604 anime
669 4524 823 4628 predicti
850 4525 1030 4647 principis·
1046 4524 1258 4614 subvenire,
1289 4521 1339 4599 de
1364 4524 1516 4599 consilio
1547 4524 1693 4598 fratrum
1721 4533 1918 4644 nosbomnm

223 4624 1361 4833 ‘ttttttt'tntttlttttttttttott,tdttlt
1376 4625 1920 4827 ldrlttltttttb

231 4833 467 4913 donacionem
492 4833 750 4935 promulgatam
775 4833 811 4908 in
846 4833 1010 4934 scriptis,
1043 4855 1129 4931 quc·
1137 4827 1291 4906 vidimus
1323 4841 1361 4908 ct
1392 4826 1592 4906 audivimas
1622 4832 1779 4922 recitari,
1805 4841 1919 4906 ratam

210 4939 423 5030 memus,
451 4947 489 5012 et
514 4935 675 5038 presenti
701 4936 814 5010 nostri
839 4935 964 5038 scripti
991 4935 1088 5012 serie
1114 4933 1340 5034 aprobamus.
1418 4933 1473 5008 Et
1491 4931 1744 5018 nichilominus
1769 4943 1920 5035 patemo
