4552 5786
398 496 476 576 ΒΜ
1045 497 1256 572 Urknodcrr.
1311 497 1441 572 w.

399 701 515 785 ceroti
546 710 629 781 sent
660 710 699 778 et
729 723 820 780 erre
850 697 1010 778 deberint
1038 697 1148 778 edeo
1168 701 1452 780 irrevocabiliter
1484 714 1522 780 et
1545 702 1776 796 inconvulse,
1819 707 1858 779 ut
1882 724 1907 778 e
1930 701 2084 804 profetis

399 831 512 906 regno
539 816 577 882 et
602 820 735 884 corone
760 805 943 881 Boemie
975 801 1105 898 scindi,
1132 803 1244 882 dividi
1278 831 1345 882 seu
1372 807 1518 883 alienari
1552 833 1620 882 non
1648 803 1807 884 debcant
1837 804 2083 908 quovismodo,

400 910 496 990 sicut
521 909 591 988 hec
616 908 810 1012 principum
835 906 1074 1010 predictorum
1100 921 1138 986 et
1163 909 1309 985 clinnum
1335 910 1495 986 similiter
1511 937 1656 1011 quorum
1680 912 1861 988 interesse
1885 912 2000 1014 potuit
2025 924 2086 988 est

394 1013 607 1118 juramentis
640 1012 885 1114 corporalibus
919 1011 1149 1116 solempniter
1180 1015 1430 1116 approbatum,
1462 1025 1501 1090 et
1532 1040 1610 1094 cunr
1644 1015 1867 1118 episcopalis
1898 1012 2015 1092 sedes
2047 1021 2086 1090 et

399 1115 582 1194 kathedra
613 1116 776 1194 ecclesie
810 1128 932 1194 nostre
958 1117 1092 1192 Wret.
1127 1131 1299 1194 noscetur
1331 1118 1404 1194 site
1432 1117 1468 1192 in
1503 1119 1649 1194 civitetc
1674 1119 1975 1194 Wretisleuie
2000 1142 2087 1221 pre·

401 1220 511 1313 dicte,
538 1245 607 1320 qne
634 1220 776 1312 civitas,
802 1231 841 1294 ut
865 1220 1083 1322 premittitur,
1109 1245 1221 1322 reguo
1236 1234 1273 1298 et
1291 1246 1423 1298 corone
1440 1221 1622 1300 Boemie
1640 1247 1686 1300 ec
1704 1220 1845 1299 domino
1870 1234 1993 1300 nostro
2017 1223 2085 1297 im·

400 1325 556 1429 pcretori
585 1323 727 1426 prelato
753 1335 933 1424 ‚temquem
966 1325 1044 1425 regi
1070 1326 1252 1402 Boemie
1286 1338 1344 1402 est
1376 1324 1580 1402 immediate
1612 1329 1798 1426 subjecte,
1835 1329 1893 1427 qui
1919 1327 2022 1402 nobis
2048 1337 2086 1402 et

401 1427 563 1508 ecclesie
589 1439 711 1504 nostre
737 1426 902 1529 predicte
937 1428 1065 1504 multes
1092 1429 1279 1531 speciales
1304 1430 1572 1507 munificencies
1599 1429 1647 1506 de
1679 1431 1782 1531 regia
1812 1429 2087 1531 magnificencie
2177 1463 2188 1487 ν

398 1533 558 1610 noscitur
584 1531 795 1624 contudisse,
823 1534 867 1606 ob
894 1531 964 1608 hcc
990 1543 1095 1632 grate
1120 1531 1369 1610 vicissitudine
1396 1533 1476 1626 sibi,
1504 1559 1549 1610 nc
1566 1544 1738 1620 tentorum
1758 1535 2009 1611 beneficiorum
2031 1535 2085 1609 si-

278 1679 284 1693 ,
399 1659 478 1714 mnus
504 1636 646 1736 ingrati,
674 1639 866 1712 occurrere
894 1635 1094 1738 cupientes,
1121 1638 1236 1712 enimc
1263 1635 1475 1730 deliberato,
1502 1661 1571 1712 nnn
1597 1663 1663 1740 per
1689 1663 1843 1716 errorem
1868 1651 1931 1714 aut
1954 1637 2085 1740 impro-

399 1737 486 1818 vide
510 1737 582 1818 sod
607 1751 743 1816 meturo
770 1749 808 1817 et
833 1741 1004 1818 communi
1029 1739 1252 1842 precedente
1278 1741 1448 1832 consilio,
1479 1740 1558 1843 peri
1591 1742 1738 1818 omnium
1770 1754 1924 1818 nostrum
1957 1741 2085 1817 volun·

233 1863 238 1874 ·
309 1856 313 1864 '
342 1863 345 1871 '
399 1855 488 1937 tete,
515 1853 599 1920 uoto
625 1843 759 1945 per-iter
785 1854 823 1920 et
848 1869 1018 1938 assensn,
1045 1845 1148 1920 nohis
1175 1847 1220 1920 ob
1246 1844 1318 1922 hcc
1343 1843 1478 1946 pluries
1504 1845 1743 1946 personaliter
1758 1847 1793 1921 in
1812 1846 1971 1948 capitulo
1995 1869 2085 1923 eon·

399 1947 575 2050 gregatis,
602 1972 666 2049 pro
692 1948 795 2024 nobis
822 1959 860 2024 et
886 1948 1165 2026 successoribus
1190 1949 1323 2024 nostris
1348 1951 1601 2051 imperpetuum
1620 1951 1938 2051 recongnoscimns
1965 1961 2002 2026 et
2027 1961 2084 2026 te·

398 2077 486 2129 nore
519 2051 745 2152 presencium
776 2052 920 2152 publice
951 2053 1169 2153 profitemur,
1214 2051 1309 2153 quod
1342 2053 1506 2155 prelatus
1539 2051 1701 2128 domiuus
1739 2065 1863 2130 noster
1894 2055 2085 2154 imperetur

398 2167 575 2256 nmquam
600 2155 778 2231 Boemie
804 2179 872 2232 rex
896 2179 962 2256 pro
987 2179 1052 2248 se,
1086 2153 1281 2232 heredibus
1307 2169 1344 2232 et
1370 2157 1648 2234 successoribus
1674 2158 1752 2233 suis
1777 2159 1959 2234 Boemie
1985 2159 2083 2257 regi·

398 2260 468 2338 bns
493 2271 531 2336 et
556 2255 721 2358 ejusdem
746 2259 849 2358 regni
874 2281 1007 2335 corone
1033 2269 1092 2334 est
1112 2273 1292 2357 patrenus
1316 2275 1438 2335 noster
1451 2267 1679 2360 principalia
1696 2277 1733 2336 et
1749 2269 1918 2337 domines
1933 2269 2083 2336 racione

399 2362 811 2440 Wretislaniensis
837 2369 995 2438 ecclesie
1013 2366 1239 2437 ettenorum
1257 2369 1385 2460 ipsium,
1411 2387 1481 2462 que
1507 2363 1680 2441 hebemus
1705 2365 1740 2440 in
1768 2365 1939 2442 communi
1962 2364 2025 2441 vel
2048 2367 2083 2440 in

399 2467 571 2564 singulori
596 2465 631 2541 in
656 2465 763 2544 terris
795 2466 875 2542 sive
900 2462 1121 2542 districtibus
1147 2464 1547 2560 Wretislaniensi,
1582 2469 1902 2561 Nouiforensi,
1935 2469 2083 2544 nnn-

377 2569 736 2672 ·ltensteyuensi
770 2579 807 2645 et
838 2568 1199 2666 Nem-slauiensi,
1235 2593 1326 2670 ques
1360 2580 1398 2646 et
1423 2594 1513 2670 quos
1544 2571 1857 2672 impresenciamm
1887 2573 2023 2650 obtinet
2047 2585 2085 2648 et

398 2673 481 2777 ipse
513 2684 575 2748 eut
606 2672 664 2750 sui
694 2670 853 2750 herede·
884 2697 930 2748 ee
962 2695 1204 2750 successores
1237 2697 1347 2772 reges
1373 2675 1554 2750 Boemie
1594 2675 1741 2753 favente
1779 2674 1918 2752 dominc
1956 2675 2081 2752 futuris

399 2777 614 2878 temporibus
628 2776 843 2869 obtinebunt,
870 2774 1036 2876 quodque
1062 2775 1263 2878 adipsum,
1289 2775 1448 2854 heredes
1475 2790 1513 2854 et
1538 2803 1781 2856 successores
1798 2806 1886 2857 suos
1904 2779 2077 2856 Boemie

399 2905 522 2980 reges,
549 2903 696 2980 regnum
723 2893 761 2958 et
786 2903 952 2958 coronem
979 2879 1162 2957 Boemie
1188 2891 1362 2981 temquem
1388 2881 1617 2982 principalem
1642 2897 1827 2986 petronem
1850 2893 1887 2960 ct
1908 2883 2079 2958 dominum

399 2995 554 3062 nostrum
581 2995 740 3062 tenemur
765 2996 802 3060 et
826 2983 988 3060 volumus
1014 2981 1158 3061 fidelem
1184 2984 1320 3062 hebere
1353 2995 1556 3086 respectum
1582 3011 1629 3063 ec
1654 2989 1756 3088 ipsos
1783 3001 1956 3088 tamquam
1980 2985 2081 3089 prin·

400 3086 541 3191 cipeles
568 3097 739 3190 patronos
765 3098 803 3164 ct
829 3085 990 3164 dominos
1016 3099 1160 3164 nostros
1179 3091 1313 3187 juvere
1337 3087 1493 3165 fideliter
1518 3099 1556 3166 et
1580 3091 1676 3167 sicut
1701 3090 1851 3193 expedit
1867 3091 1988 3191 dignis
2012 3090 2082 3167 bn-

398 3191 543 3270 noribus
568 3192 745 3268 venerari.
786 3190 840 3266 let
864 3191 952 3268 licet
974 3189 1127 3292 quedam
1153 3192 1227 3267 elie
1252 3193 1346 3268 bone
1371 3205 1494 3268 nostre
1519 3206 1557 3269 et
1582 3195 1745 3272 ecclesie
1770 3207 1893 3272 nostre
1917 3193 2082 3296 predicte

349 3333 354 3350 ¹
399 3297 472 3374 sint
505 3297 620 3376 eciem
652 3293 820 3372 hincinde
852 3295 888 3372 in
921 3295 1026 3372 terris
1052 3307 1091 3372 et
1120 3295 1376 3397 principatibus
1410 3293 1536 3373 ducum
1571 3309 1608 3373 et
1639 3299 1833 3401 principum
1859 3298 2018 3376 Slezic
2043 3310 2082 3375 et

400 3397 706 3502 opoliensium
731 3423 843 3498 regno
870 3399 1312 3501 Boemie'incorpcretis
1340 3410 1377 3476 et
1401 3400 1520 3494 unitis,
1547 3413 1585 3475 ut
1610 3403 1828 3502 premittitur,
1855 3403 1938 3502 quie
1962 3414 2080 3478 temen

400 3527 526 3582 omncs
550 3502 774 3605 principatus·
797 3501 998 3602 husjusmodi
1025 3528 1049 3578 e
1073 3527 1185 3602 regno
1212 3515 1250 3580 et
1275 3527 1408 3580 corone
1425 3505 1606 3580 Boemie
1632 3505 1666 3579 in
1692 3505 1836 3583 seudum
1862 3505 1910 3583 de
1936 3502 2079 3597 endent,

398 3606 536 3686 idcirco
562 3607 714 3684 letemur
739 3606 866 3698 eciem,
893 3607 987 3682 bone
1011 3619 1136 3682 nostre
1161 3605 1302 3700 eadem,
1328 3619 1552 3708 preterquam
1577 3608 1727 3710 illeque
1746 3623 1827 3685 snut
1849 3609 1884 3685 in
1908 3533 2077 3712 gwyd·
2155 3687 2158 3690 ,

399 3709 614 3790 uiceensi
641 3722 680 3786 et
702 3709 936 3788 Jewrensi
962 3707 1170 3804 ducatibus,
1202 3709 1281 3787 lore
1306 3711 1341 3786 in
1369 3735 1480 3811 regno
1506 3713 1688 3790 Boemie
1713 3715 1923 3805 constitute,
1950 3723 2078 3816 prote-

399 3827 534 3892 stcmur
558 3825 676 3892 enen
703 3837 902 3916 expresse,
937 3811 1032 3913 quod
1059 3815 1152 3890 bone
1177 3812 1379 3914 hujusmodi
1405 3813 1453 3889 ed
1478 3815 1576 3890 nulle
1601 3841 1713 3893 onere
1737 3817 1961 3918 pecuniaria,
1993 3841 2075 3920 per·

399 3919 541 3998 senelin
563 3918 644 3996 sive
673 3917 787 3995 realie
812 3929 894 3994 sunt
919 3918 1082 4017 cuiquem
1107 3919 1249 4019 penitus
1275 3917 1446 4017 obligate,
1472 3920 1716 4020 promittentes
1741 3923 1834 3997 bone
1854 3919 1927 3999 fide
1943 3931 2074 4012 nosne,

399 4023 479 4103 sine
511 4023 608 4098 omni·
629 4019 713 4098 dolo
745 4022 896 4124 prelatis
922 4019 1072 4098 dominis
1099 4033 1137 4098 et
1160 4023 1320 4123 petruris
1345 4023 1478 4098 nostris
1502 4025 1686 4101 Boemie
1712 4026 1859 4126 regibus
1884 4049 1949 4127 pro
1974 4022 2076 4100 nobis

400 4137 438 4205 et
462 4126 741 4204 successoribus
765 4126 911 4218 nestris,
937 4123 1031 4226 quod
1058 4126 1358 4227 quociescumque
1383 4151 1504 4225 regem
1528 4129 1731 4220 Boemie„
1749 4127 1921 4206 dominnm
1946 4141 1984 4205 et
2007 4151 2076 4230 pe·

398 4243 533 4310 nonnum
558 4241 731 4321 nostrum,
764 4230 851 4306 mori
877 4230 1076 4330 continget,
1111 4227 1205 4330 qnod
1239 4242 1323 4307 tunc
1350 4231 1544 4331 episcopus
1570 4231 1986 4324 Wretislaniensis,
2018 4231 2076 4332 qui

398 4359 464 4438 pre
488 4345 649 4438 tempore
672 4333 790 4427 suerit,
817 4357 888 4410 nure
913 4358 991 4411 cum
1017 4333 1221 4429 melioribus
1246 4334 1407 4434 prelatis,
1435 4333 1599 4413 ecclesie
1624 4337 1762 4412 nomine
1788 4347 1825 4413 ct
1848 4336 1933 4416 uice
1957 4335 2015 4410 sui
2039 4343 2078 4412 et

400 4438 547 4540 capituli
578 4436 629 4514 ed
658 4438 929 4515 coroneciouem
961 4437 1066 4513 futuri
1104 4437 1205 4537 regis
1237 4448 1412 4537 temquem
1445 4435 1494 4513 ed
1528 4439 1810 4540 solempnitatem
1845 4451 1882 4517 et
1910 4436 2075 4539 goudium

424 4540 537 4620 ononi
570 4553 608 4620 et
639 4538 769 4618 domini
800 4541 914 4618 nostri
946 4565 993 4619 ec
1019 4539 1424 4618 Wretislaniensis
1454 4541 1618 4620 ecclesie
1650 4545 1860 4621 tenebuntur
1892 4555 1930 4620 et
1959 4538 2076 4620 debe·

398 4567 488 4724 dunt
509 4642 692 4724 eecedere
719 4657 756 4724 et
779 4643 912 4724 ibidem
937 4657 1107 4724 coroneto
1139 4669 1229 4744 rege
1255 4645 1372 4722 stetim
1399 4646 1551 4746 abipso
1584 4644 1726 4746 opidum
1753 4647 1971 4724 Grotkew
1995 4667 2075 4723 cum

399 4749 514 4851 ipsius
538 4761 637 4828 terre
662 4761 700 4828 et
725 4748 888 4826 districtu
915 4761 954 4828 et
978 4749 1136 4828 omuibus
1170 4773 1217 4826 ec
1243 4750 1395 4850 singulis
1415 4750 1557 4850 juribus
1589 4761 1627 4826 et
1650 4751 1880 4852 pertinenciis
1905 4755 1983 4826 suis
2007 4753 2074 4826 nnn

400 4851 493 4928 mine
517 4853 653 4930 Wret.
681 4853 843 4934 ecclesie
874 4853 910 4929 in
942 4851 1085 4929 seudum
1118 4853 1308 4955 suscipere
1340 4863 1377 4930 ct
1401 4863 1560 4954 tempore
1591 4855 1843 4958 suscepeicnis
1874 4849 2074 4955 hujusmodi

394 4961 630 5058 juramentum
654 4957 829 5058 homagii,
863 4954 1065 5050 fidelitatis,
1098 4954 1311 5036 obediencie
1336 4967 1375 5034 et
1400 4956 1662 5057 subjecciouis,
1695 4957 1791 5060 quod
1816 4958 1908 5035 elios
1932 4956 2073 5060 prefato
