4634 5762
382 497 457 574 ut
870 497 1081 572 ermedeo.
1138 494 1329 571 CXXXV.
1363 494 1578 569 CXXXVI.

381 699 555 780 bamoues
573 697 668 786 alias
685 695 953 800 pmrlucendum
976 709 1015 774 et
1036 695 1216 800 producta
1230 699 1277 777 ab
1293 695 1459 776 adversa
1471 707 1580 800 perte
1599 693 1879 799 reprobandum,
1906 695 2073 798 allegan-

380 801 481 896 dum,
509 801 775 905 proponendum
792 813 830 878 et
847 799 1149 893 concludendum,
1176 803 1386 880 sentencias
1401 801 1692 880 interlocutorias
1710 813 1747 877 et
1765 797 1987 880 diffinitivam
2006 827 2073 879 au·

380 905 567 999 diendum,
603 903 855 1008 appellandum
880 905 914 982 si
944 930 1104 983 necesse
1129 905 1236 981 fuerit
1267 917 1305 982 et
1335 906 1621 1007 appellacionem
1643 901 1948 1006 prosequendum,
1983 929 2074 984 ucc-

381 1037 451 1090 uou
469 1009 517 1086 ad
535 1008 816 1088 substituendum
834 1009 973 1087 nomine
990 1021 1113 1086 nostro
1131 1009 1237 1085 alium
1254 1009 1314 1085 rel
1333 1009 1427 1086 alios
1443 1019 1697 1112 procuratores
1721 1005 1772 1084 ad
1796 1009 1913 1084 omnia
1937 1019 1975 1086 et
1997 1009 2073 1086 siu·

380 1115 469 1216 gula
486 1113 696 1215 supradicta
713 1127 750 1190 et
766 1112 1009 1190 revocandum
1027 1111 1177 1191 eosdem
1196 1125 1234 1190 et
1248 1113 1341 1188 alios
1359 1111 1407 1190 tle
1425 1139 1518 1189 novo
1540 1109 1824 1189 substituendum
1842 1112 1926 1189 etin
1944 1137 1988 1189 se
2005 1137 2073 1190 ne·

381 1219 523 1320 gooiuru
547 1215 842 1296 reassumendum
870 1219 1044 1318 quociens
1068 1229 1106 1296 et
1129 1215 1271 1318 quando
1302 1217 1372 1294 sibi
1394 1214 1574 1295 videbitur
1599 1213 1778 1318 expedire
1810 1228 1848 1296 et
1875 1214 1927 1292 ad
1956 1217 2074 1294 onnia

381 1323 454 1402 alia
472 1333 510 1404 ct
525 1322 669 1422 singula
686 1319 908 1414 faciendum,
935 1346 1006 1422 que
1022 1321 1058 1396 in
1075 1318 1251 1423 predictis
1267 1333 1307 1398 e't
1325 1321 1425 1398 circa
1448 1317 1615 1422 predicta
1638 1320 1771 1398 luerint
1792 1331 1983 1422 oportuna,
2010 1345 2072 1398 ra·

381 1438 451 1502 tm
470 1441 507 1504 et
523 1427 655 1502 firmum
672 1425 843 1518 babituri,
872 1423 1042 1525 quidquid
1064 1449 1130 1526 per
1146 1423 1279 1504 dictum
1296 1436 1561 1525 procuratorem
1585 1435 1742 1504 nostrum
1759 1447 1827 1502 sen
1844 1424 2072 1503 substitutum

381 1544 444 1607 aut
461 1531 674 1606 substitutos
692 1531 738 1605 ab
757 1553 802 1605 eo
819 1529 854 1604 iu
872 1527 1046 1631 predictis
1065 1539 1103 1606 et
1120 1528 1220 1606 circa
1236 1527 1404 1630 predicto
1428 1539 1466 1604 et
1482 1525 1666 1629 quodlibet
1681 1525 1921 1629 predictorum
1937 1527 2072 1606 factrrm

380 1633 488 1710 fuerit
511 1658 578 1710 seu
604 1633 719 1710 eciam
743 1644 986 1734 procuratum,
1013 1644 1052 1710 et
1076 1633 1242 1710 volentes
1265 1633 1374 1732 igitur
1403 1629 1535 1710 dictum
1557 1643 1823 1734 procuratorem
1852 1642 2008 1708 noemin
2034 1644 2072 1710 et

381 1738 606 1816 substitutum
625 1761 691 1814 seu
710 1737 923 1812 substitutos
940 1739 986 1814 ab
1005 1761 1050 1814 eo
1083 1737 1250 1814 relevare
1274 1740 1325 1814 ab'
1345 1737 1438 1814 omri
1462 1760 1573 1815 onere
1597 1733 1874 1828 satisdacionis‚
1900 1759 2072 1812 cavemus

381 1866 446 1944 pro
464 1866 509 1918 eo
528 1841 639 1918 ateis
664 1840 803 1918 nomine
821 1852 943 1916 nostro
967 1850 1005 1918 et
1029 1865 1173 1940 qnorum
1199 1841 1351 1919 interest
1371 1840 1433 1919 nel
1457 1842 1638 1918 interesse
1659 1850 1806 1941 posset,
1833 1837 1881 1918 de
1904 1851 1982 1916 rato
2002 1839 2072 1916 lra-

383 1943 501 2024 beudc
528 1957 565 2022 et
588 1942 750 2045 judicato
774 1942 952 2020 solvendo
975 1969 1040 2046 pro
1065 1945 1226 2022 onuribus
1250 1945 1426 2022 clausulis
1449 1949 1548 2046 ejus,
1575 1945 1644 2020 sub
1668 1943 1852 2045 ypotheca
1876 1955 1914 2020 ct
1931 1942 2071 2043 obliga-

383 2053 487 2126 cioue
510 2047 687 2152 predicta
741 2048 783 2124 lu
807 2052 913 2148 cnjus
938 2049 991 2124 rei
1013 2048 1248 2124 testimonium
1271 2061 1464 2148 presentes
1490 2048 1631 2126 litteras
1648 2048 1725 2124 lieri
1742 2048 1894 2126 fecimus
1913 2059 1950 2124 et
1967 2047 2072 2146 sigil-

381 2153 492 2230 lorum
509 2165 724 2245 nostrorum,
752 2175 831 2230 cnm
858 2175 974 2230 cansa
996 2152 1068 2228 hec
1085 2152 1189 2229 nobis
1206 2153 1366 2229 omnibus
1392 2153 1440 2228 sit
1458 2152 1670 2244 communis,
1697 2152 1922 2254 appensione·
1937 2151 2071 2226 muniri.

382 2257 515 2336 Actum
532 2269 570 2334 et
587 2254 706 2332 datum
723 2256 758 2330 in
776 2254 1146 2332 0tmuchouiensi
1163 2267 1286 2332 castro
1304 2255 1479 2348 ecclesie,
1504 2255 1573 2332 Vl.
1592 2280 1706 2332 nonas
1722 2255 1866 2348 Marcii,
1894 2279 1987 2334 anno
2004 2253 2072 2332 do·

383 2360 464 2436 mini
480 2357 749 2439 MCCLXXX
765 2361 898 2460 quinto,
923 2360 1151 2462 presentibus
1169 2360 1340 2460 magistro
1358 2357 1545 2436 Audrea
1568 2357 1727 2453 archid„
1751 2360 1779 2436 J
1787 2359 1961 2436 ohanne
1985 2382 2087 2454 seo·¹

384 2463 533 2555 lasboo,
567 2463 771 2540 Jobanne
795 2477 962 2557 cantore,
1002 2463 1199 2540 Nicolao
1223 2461 1400 2557 custode,
1440 2464 1702 2542 Laurencio
1732 2462 1872 2542 archid.
1900 2463 2072 2562 Glogo·

385 2567 548 2658 nicusi,
574 2567 821 2667 Woynlao,
848 2568 1059 2661 Martino,
1087 2567 1255 2670 Helya,
1282 2569 1419 2644 Petro
1443 2567 1689 2670 presbyteris,
1722 2567 1860 2644 Petro
1884 2567 2071 2646 caucella-

384 2670 449 2744 ric
468 2683 505 2745 et
524 2671 630 2744 Vito
649 2671 833 2748 canonicis
851 2671 1007 2766 Wrat.,
1033 2671 1188 2748 testibus
1206 2695 1345 2772 quoque
1364 2669 1514 2747 dominis
1531 2668 1769 2748 Leonardc
1794 2669 1842 2748 de
1860 2669 2070 2772 Copriw-

384 2773 502 2866 nina,
538 2771 770 2852 Clemente
796 2773 844 2851 tle
871 2773 1171 2878 Obrempchiz
1194 2775 1379 2877 plebanis,
1411 2775 1610 2869 Jacobo,
1637 2775 1891 2854 Laureucio
1915 2785 1953 2851 et
1975 2775 2068 2850 lla-

384 2877 525 2954 miano
542 2878 786 2982 presbyteris,
812 2879 960 2957 vicariis
978 2879 1141 2958 ecclesie
1159 2905 1191 2956 s.
1209 2879 1250 2955 N
1255 2879 1397 2957 icolai
1414 2877 1513 2982 apud
1531 2877 1806 2958 Otmucbcw.

221 3311 367 3366 cxxxvr.
485 3285 665 3366 Noverint
680 3287 854 3382 universi,
881 3296 1086 3389 presentem
1101 3287 1255 3364 litteram
1270 3289 1484 3392 inspecturi,
1511 3290 1608 3392 quod
1631 3317 1698 3370 nos
1716 3292 1927 3386 Thomas,
1955 3289 1991 3368 d.
2058 3347 2071 3368 .

252 3394 331 3466 ΙΝ,
391 3389 626 3490 epWrat„
645 3416 812 3468 unacum
830 3392 986 3494 capitulo
1003 3402 1126 3467 nostro
1150 3393 1313 3470 ecclesie
1330 3393 1577 3491 lamentatis,
1603 3421 1743 3476 mmore
1760 3395 1950 3476 deferente
1966 3423 1991 3473 a
2040 3397 2049 3416 '

232 3465 258 3521 ⁹·
276 3469 359 3521 '‘⁶¹“
386 3491 1367 3678 nostem?morobaeus·tuscul
1394 3499 1430 3578 ⁶·
1448 3501 2072 3682 ⁸l=t‘tt³f¹‘t³t⁰²·¹¹⁰”t⁵’·⁰‘

387 3696 493 3776 dices
518 3698 654 3778 eserie
677 3652 883 3803 apostolica
899 3699 1060 3802 delegati
1077 3703 1112 3778 iu
1131 3724 1247 3780 causa
1263 3629 2073 3812 quam·nzbisliutendiimirsveigliilnziiflrioss

385 3801 479 3880 dom.
496 3804 731 3884 llenricus
749 3815 821 3884 etc.
847 3825 958 3907 super
981 3805 1125 3884 arbitrio
1141 3831 1208 3906 per
1223 3813 1467 3890 venerabilem
1487 3825 1624 3917 patrem
1649 3811 1741 3892 dom.
1758 3813 2014 3916 Philippum
2037 3810 2073 3888 c

385 3932 440 4030 gr.
458 3907 704 4032 Rirmanum
728 3934 805 4012 ep,
831 3907 1008 4010 quondam
1031 3911 1067 3988 iu
1088 3910 1252 4032 partibus
1268 3912 1460 3996 Polonie
1485 3915 1565 3996 sed.
1589 3929 1707 4022 apost.
1731 3919 1826 4018 leg„
1851 3917 2074 4021 interipsum
2148 3955 2160 3972 ·

384 4036 597 4116 principem,
624 4037 692 4090 nos
717 4023 755 4092 et
777 4013 1174 4107 nostramecclesmm,
1202 4015 1297 4092 siem
1318 4019 1354 4096 in
1377 4022 1493 4123 ipsum
1518 4021 1808 4126 compromissum
1825 4021 1961 4115 linerat,
1987 4037 2072 4123 pro·

235 4143 277 4200 12
290 4147 368 4200 ren.
384 4115 560 4216 uulgato,
587 4117 769 4196 terminum
792 4135 894 4219 quem
917 4119 1020 4196 uobis
1044 4117 1095 4196 ad
1117 4119 1329 4200 instanciam
1353 4123 1517 4227 ejusdem
1559 4127 1706 4229 riucipis
1729 4127 1941 4206 incrastiuo
1959 4123 2073 4202 domi-

386 4219 468 4300 nice
491 4219 680 4302 luvocavit
700 4244 813 4324 nuper
834 4223 1006 4326 preterito
1023 4222 1059 4298 in
1076 4223 1217 4300 Wrat.
1242 4229 1498 4328 assignaverat
1521 4153 1661 4308 semum
1685 4227 1872 4323 mutando,
1897 4231 2014 4308 locum
2037 4229 2074 4304 in

237 4349 370 4405 nemra
387 4319 535 4420 Calis,
569 4326 721 4405 eundem
744 4327 925 4406 terminum
953 4327 989 4404 in
1013 4327 1207 4404 crastinum
1229 4325 1424 4428 dominice,
1458 4357 1530 4434 qua
1554 4345 1719 4412 cantatur
1739 4332 1891 4426 Jodica‚
1924 4345 2074 4412 venture

386 4427 546 4528 proximo
562 4443 813 4532 prnmgamnt‚
841 4441 979 4532 etpost
998 4430 1088 4523 hec,
1117 4442 1155 4510 ut
1177 4429 1324 4534 dicitur,
1349 4449 1572 4519 mutarerunt
1595 4438 1713 4518 locum
1735 4439 1773 4516 iu
1788 4437 1973 4532 Welun,
1997 4447 2073 4516 ter-

386 4533 479 4606 mino
503 4556 572 4606 non
594 4545 740 4612 mutato.
792 4533 895 4626 Nos,
919 4533 1008 4612 licet
1030 4531 1081 4610 od
1104 4533 1328 4622 delaciouom
1350 4539 1555 4642 hujusmodi
1579 4542 1728 4621 rumoris
1749 4567 1819 4622 nee
1837 4541 2075 4645 personaliter

388 4633 512 4712 renim
530 4659 598 4712 nec
616 4637 767 4742 aliquem
784 4637 868 4715 loco
884 4637 997 4714 nostri
1013 4638 1153 4716 mittere
1171 4650 1387 4736 teneremur,
1414 4669 1495 4724 cum
1510 4671 1577 4748 per
1592 4647 1733 4724 litteras
1749 4657 1917 4750 patentes
1935 4647 2003 4722 sub
2021 4644 2074 4721 si·

388 4735 485 4838 gillis
507 4739 664 4840 ipsomm
689 4740 937 4842 delegatorum
967 4739 1015 4818 tle
1041 4747 1303 4844 prorogocione
1326 4748 1441 4849 ipsios
1465 4751 1602 4828 termini
1633 4763 1670 4828 et
1692 4750 1893 4828 mutacione
1916 4749 2074 4829 locorum

387 4841 490 4918 nobis
514 4865 583 4918 nou
607 4841 714 4919 suerit
737 4845 837 4922 lacta
860 4841 974 4938 fides,
1000 4855 1119 4926 tamen
1143 4847 1188 4922 cb
1212 4851 1458 4930 reverenciam
1479 4853 1637 4958 ipsomm
1657 4851 1839 4955 judicum,
1868 4851 1961 4936 dom.
1985 4851 2073 4929 Mi-

387 4943 583 5022 ronlaum
602 4945 827 5049 capellanum
845 4959 884 5028 et
899 4947 1107 5028 scuriliamm
1125 4963 1299 5048 nostrum,
1325 4969 1501 5036 rectorem
1514 4957 1683 5038 ecclesie
1707 4955 1756 5037 dc
1773 4947 1988 5058 Surgost
2014 4956 2072 5032 lo-
