4524 5770
719 565 929 638 Urhuodert
978 561 1103 638 XXX.
1135 567 1284 639 XXXI.
1797 567 1847 645 di

166 769 313 872 argenti,
337 793 431 870 quas
446 791 539 870 sepe
555 765 679 844 dictus
703 769 816 847 lruter
837 779 963 846 noster
976 793 1042 872 pro
1060 767 1213 870 quadam
1232 791 1373 845 moena
1389 772 1577 848 tenebatur
1594 771 1757 851 ecclesie
1775 799 1852 853 ure*

165 884 315 967 morato,
340 875 378 948 in
396 871 615 975 supradictis
640 875 790 950 monetis
815 873 1015 977 accipiant,
1041 873 1162 950 debito
1185 883 1304 950 mmen
1329 871 1421 950 dom.
1447 877 1610 979 episcopi
1636 891 1745 955 untea
1765 903 1852 982 per-

166 980 297 1072 soluto,
317 999 407 1078 quas
425 987 588 1053 monetas
606 977 720 1053 eciam
738 1003 802 1079 pro
819 979 890 1055 hoe
909 976 1042 1072 debito,
1062 977 1217 1082 capitulo
1239 975 1404 1079 ejusdem
1422 981 1584 1058 ecclesie
1597 983 1797 1087 obligamus
1812 985 1850 1075 ¹).

168 1083 322 1160 Asesto
347 1093 465 1157 autem
489 1083 524 1158 b.
542 1076 690 1158 Nicolei
712 1105 824 1184 nuper
846 1083 1033 1184 preterito,
1068 1083 1102 1160 in
1149 1105 1195 1157 uo
1220 1093 1344 1158 nostra
1367 1093 1509 1159 moneto
1530 1081 1639 1161 vendi
1664 1087 1852 1164 consuevit
1887 1109 1964 1184 lter,

168 1187 297 1290 incepit
315 1207 460 1263 currere
476 1184 608 1287 primus
626 1209 740 1260 annus
759 1187 967 1279 solucionis,
992 1187 1043 1261 ito
1059 1107 1154 1285 quod
1171 1185 1207 1260 in
1224 1186 1320 1262 testo
1338 1187 1372 1262 b.
1390 1187 1568 1263 Johanuis
1585 1189 1741 1290 baptiste
1758 1217 1851 1270 nunc
1875 1179 1983 1308 “pff

161 1290 310 1367 'instanti
326 1290 488 1366 solvetur
504 1287 695 1378 medietas,
722 1290 867 1367 scilieet
883 1301 1023 1366 eentum
1040 1303 1078 1366 et
1095 1289 1348 1391 quinquaginta
1362 1313 1486 1368 marce
1502 1295 1642 1391 argenti
1662 1303 1699 1369 et
1715 1295 1851 1396 relique
1866 1321 1911 1378 se
1927 1291 1998 1376 sior.

168 1405 304 1472 centum
330 1394 583 1494 qninquaginta
604 1415 727 1470 meree
750 1391 890 1496 argenti
912 1395 949 1470 in
973 1394 1071 1470 festu
1094 1422 1126 1468 s.
1144 1393 1292 1471 Nicolai
1313 1396 1474 1496 proximo
1492 1397 1746 1496 subsequente.
1800 1399 1852 1474 lit

167 1500 235 1575 iste
252 1495 380 1574 modus
397 1509 435 1574 et
452 1497 565 1572 torma
582 1497 780 1574 solucionis
797 1499 999 1575 servabitur
1020 1521 1088 1601 per
1112 1521 1225 1574 annos
1250 1489 1416 1575 continue
1440 1495 1705 1592 succedentes,
1733 1501 1851 1580 donec

168 1601 304 1695 dehita,
332 1611 403 1676 tam
421 1597 514 1677 dom.
534 1601 698 1704 episcopi
716 1627 819 1704 quam
837 1603 983 1704 capituli
1008 1603 1173 1704 superins
1190 1601 1356 1678 nominati
1373 1603 1505 1679 fuerint
1520 1605 1717 1704 persoluta.
1769 1607 1851 1682 Da-

168 1719 234 1784 tum
256 1707 293 1782 in
311 1705 470 1794 Wrut„
497 1705 546 1779 V.
568 1705 651 1781 idus
670 1707 780 1806 Maji,
808 1729 900 1782 enno
925 1704 1055 1782 domini
1078 1703 1379 1799 mccnxvffl,
1405 1707 1635 1808 presentibus
1654 1709 1853 1786 venerabili

166 1821 277 1914 patre,
296 1808 640 1885 dom.Wilhelmo
657 1809 916 1888 hubueensi
933 1811 1118 1914 episeopo,
1137 1808 1231 1886 dom.
1245 1811 1484 1910 Boguzlso
1501 1811 1850 1912 prepositoWret,

168 1915 335 2015 magistro
359 1913 614 2006 Francone,
649 1911 741 1989 dom.
767 1911 967 2006 lilcardo,
1000 1914 1172 2014 magistro
1196 1915 1403 1992 Johanne
1426 1913 1606 2008 Romca,
1639 1914 1731 1992 dom.
1756 1919 1851 1992 An-

167 2017 274 2096 drea
296 2017 483 2095 canonicis
506 2017 646 2092 Wrat.
673 2029 711 2093 et
732 2019 903 2118 magistro
934 2019 1069 2093 Petro
1101 2019 1239 2095 notario
1262 2030 1403 2112 nostru,
1443 2019 1572 2095 comite
1604 2019 1851 2122 Thymone,

169 2124 293 2200 comite
310 2121 530 2198 Janussio
555 2118 603 2197 de
620 2121 910 2214 Michalowe,
939 2123 1068 2199 comite
1084 2123 1334 2226 Dyrsizlao
1358 2134 1396 2200 et
1420 2123 1538 2198 multis
1556 2121 1649 2199 aliis.
1702 2123 1744 2199 In
1763 2149 1851 2226 quo-

166 2251 236 2301 rom
255 2227 360 2302 robur
376 2235 579 2328 presentem
597 2225 734 2302 literam
758 2225 872 2302 nostri
887 2224 997 2326 sigilli
1014 2227 1199 2304 munimine
1216 2226 1368 2305 lecimus
1384 2225 1554 2304 roboreti.

266 2603 419 2680 Domino
442 2601 720 2704 archiepiscopo
744 2601 1014 2680 Gnezneusi.
1067 2600 1284 2680 Reuerendo
1308 2603 1344 2680 in
1363 2601 1509 2682 Christo
1531 2606 1625 2706 petri
1648 2631 1694 2684 ae
1712 2604 1853 2682 donrino
1886 2619 1984 2670 ml·

166 2707 434 2807 Jsohenni),
461 2733 495 2782 s.
513 2705 802 2782 Gneznensis
828 2705 991 2785 ecclesie
1007 2706 1305 2810 archiepiscopo,
1332 2709 1545 2801 Thomas,
1573 2706 1609 2783 d.
1635 2734 1690 2808 gr.
1708 2711 1851 2788 Wrat.
1868 2698 1991 2826 &⁷³¹3OE

166 2837 235 2914 ep,
261 2821 423 2914 paratum
441 2811 647 2910 obsequium
665 2835 743 2888 cum
761 2811 853 2886 omni
869 2811 1082 2890 reverencie
1106 2823 1143 2886 et
1168 2811 1316 2890 honore.
1368 2814 1454 2890 Non
1477 2814 1558 2889 sine
1575 2811 1701 2892 dolore
1718 2815 1853 2916 ingenti
1905 2810 1911 2826 '
1992 2811 1999 2824 '

165 2929 287 2994 vestre
303 2915 507 3018 peternitati
525 2913 690 2992 duximus
707 2913 950 3008 intimandum,
977 2913 1072 3014 quod
1096 2912 1189 2992 dom.
1208 2916 1475 3010 Bolesleus,
1503 2914 1579 2992 dux
1604 2915 1851 3012 craeouie,

165 3017 225 3097 dei
242 3021 367 3096 timore
384 3019 598 3122 postposito,
625 3019 742 3118 iniquo
760 3017 891 3094 ductus
909 3019 1079 3110 consilio,
1107 3043 1186 3096 curu
1206 3021 1396 3096 mnumeris
1413 3020 1733 3116 Ruthenorum,
1761 3021 1850 3101 Co·

163 3147 381 3200 manorum
407 3135 444 3200 et
468 3123 757 3198 Lituanorum
779 3122 919 3199 milibus
946 3121 1142 3202 Slesieru
1165 3121 1370 3200 invadendo
1388 3123 1566 3200 hostiliter
1582 3123 1691 3198 villas
1708 3137 1852 3202 nostres

164 3239 201 3304 et
217 3227 509 3306 Lubrreensis
537 3226 700 3304 ecclesie
723 3225 941 3326 aliarumque
959 3226 1197 3304 ecclesiarum
1221 3239 1343 3304 nostre
1361 3224 1537 3328 dyocesis
1555 3227 1724 3328 spoliavit
1741 3237 1779 3304 et
1794 3229 1851 3304 in-

163 3331 293 3409 cendio
311 3329 520 3408 devastavit
537 3341 585 3423 et,
604 3327 699 3430 quod
717 3355 796 3408 cnm
812 3354 941 3430 magno
960 3328 1086 3407 dolore
1103 3329 1312 3424 referimus,
1339 3330 1579 3408 eeclesiarum
1595 3331 1723 3408 hostiis
1742 3333 1851 3410 elira-

163 3436 233 3512 ctis
251 3448 289 3513 et
306 3435 466 3514 omnibus
483 3432 567 3510 inde
585 3433 834 3511 miserabiliter
851 3435 1065 3526 abstractis,
1093 3459 1213 3510 esrum
1238 3434 1428 3510 emunitate
1445 3435 1587 3536 penitus
1605 3435 1759 3528 violata,
1786 3461 1853 3539 per

160 3539 277 3640 ipsum
295 3537 423 3616 ducem
443 3548 490 3628 et,
509 3562 598 3612 suos
615 3538 649 3612 in
667 3550 791 3614 nostru
814 3535 971 3639 dyocesi
987 3539 1084 3613 multi
1102 3549 1184 3614 sunt
1200 3539 1326 3632 occisi,
1353 3538 1477 3640 plures
1494 3539 1671 3616 vulnerati
1695 3551 1732 3616 et
1748 3541 1851 3616 innu-

160 3642 355 3720 merabiles
372 3641 511 3720 Christi
527 3639 679 3734 fideles,
708 3647 867 3740 juvenes
886 3653 924 3719 et
945 3641 1125 3742 virgines,
1152 3668 1264 3720 senes
1289 3667 1367 3720 curu
1385 3643 1586 3742 junioribus
1604 3643 1641 3720 in
1659 3647 1851 3746 captiuita-

159 3759 232 3824 tem
249 3745 502 3826 miserabiliter
517 3756 601 3822 sunt
615 3742 780 3838 obducti,
806 3770 874 3820 non
892 3757 1087 3848 parcentes
1105 3747 1212 3824 sexui
1236 3747 1297 3824 vel
1319 3747 1420 3824 etati.
1474 3746 1595 3838 Quare
1616 3757 1721 3850 peter
1743 3773 1850 3826 reve·

202 4020 239 4102 l)
269 4018 396 4118 Herzog
416 4015 609 4083 Heinrich
629 4015 682 4082 ΠΙ.
703 4013 863 4082 hehunnte
884 4013 1077 4082 ruhundlieh
1098 4015 1150 4081 98.
1172 4017 1245 4080 Joni
1266 4017 1365 4098 1959,
1387 4017 1457 4082 dess
1480 4019 1529 4082 die
1551 4017 1716 4082 Bresleuer
1730 4016 1851 4082 Kirche

270 4102 337 4168 und
357 4101 491 4168 Bischos
506 4101 651 4166 Thomas
673 4099 697 4165 I.
725 4099 792 4166 ihm
814 4103 847 4164 in
868 4101 977 4165 seinen
1002 4099 1156 4164 hochsten
1183 4099 1407 4167 Bediirsnissen
1433 4127 1490 4166 zur
1515 4103 1726 4200 Beheuptung
1752 4101 1852 4166 seimes

270 4187 393 4254 Laudes
415 4213 454 4250 zu
476 4185 669 4277 verphindeu
691 4185 849 4278 gegeben:
876 4185 969 4248 einen
1018 4181 1155 4248 oidenen
1177 4183 1282 4250 Keleh
1304 4187 1362 4249 mit
1382 4185 1550 4252 mehueuen
1572 4183 1784 4266 Edelsternen,
1811 4209 1852 4248 zu

270 4273 333 4339 lto
353 4271 446 4338 Murh
468 4271 595 4354 Silhers,
617 4269 724 4336 ierner
744 4272 815 4336 eine
836 4268 973 4334 silherue
1004 4281 1005 4284 ’
1026 4265 1087 4332 efel
1109 4267 1176 4332 und
1198 4272 1275 4334 zwei
1289 4267 1411 4350 Caseln,
1433 4293 1473 4332 zu
1493 4269 1536 4334 60
1551 4269 1644 4333 Murh
1666 4289 1728 4334 von
1743 4267 1851 4335 Kaui-
1944 4317 1946 4320 -

269 4355 376 4424 lentem
409 4357 576 4448 gesehlltzd
606 4357 693 4422 donn
714 4357 793 4422 zuei
812 4355 957 4436 Kreuze,
985 4375 1049 4420 ron
1078 4355 1184 4420 denen
1216 4379 1251 4420 er
1276 4355 1345 4420 eins
1359 4353 1607 4446 eorumgeben,
1639 4355 1697 4420 dua
1722 4355 1851 4434 endere,
1972 4382 1978 4397 ·

269 4465 363 4510 menn
384 4465 417 4510 es
438 4441 585 4508 veriorem
605 4463 644 4534 ge
666 4465 786 4534 engen,
812 4454 953 4508 ersetzeu
978 4437 1080 4508 welle.
1127 4441 1222 4508 Duum
1244 4441 1331 4506 hatte
1353 4439 1421 4505 sich
1441 4439 1499 4522 der
1519 4439 1650 4506 Biscbol
1674 4459 1737 4508 von
1756 4442 1852 4508 lires·
1983 4447 1987 4456 '

271 4526 325 4594 lau
345 4527 397 4594 tor
418 4527 481 4594 den
502 4528 629 4620 Herzog
645 4465 703 4594 hei
725 4525 798 4594 dem
820 4523 964 4594 Hischcie
991 4549 1056 4592 ron
1070 4523 1197 4592 Olmiitz
1223 4525 1275 4594 lor
1298 4527 1359 4591 190
1374 4523 1467 4590 Murh
1488 4521 1676 4604 Polnischeu
1693 4525 1850 4597 Gewichts

271 4613 427 4706 verbiirgt.
471 4613 538 4678 Der
558 4611 686 4708 Herzog
706 4636 772 4678 wer
793 4611 874 4678 uuch
897 4611 969 4678 dem
991 4609 1135 4678 Bischose
1156 4609 1241 4678 noch
1263 4609 1315 4676 [ιιι
1336 4613 1388 4680 ein
1409 4611 1488 4677 Ross
1509 4611 1552 4676 90
1573 4607 1676 4691 Murh,
1709 4609 1760 4676 fiir
1783 4615 1850 4675 An·
1941 4625 1945 4632 “

271 4693 347 4764 theri
375 4720 417 4762 an
440 4695 498 4763 deu
518 4697 634 4762 Miinze
662 4699 704 4762 90
725 4694 817 4762 uteri
837 4693 995 4789 sehuldig,
1023 4693 1142 4762 welche
1172 4697 1229 4762 der
1254 4695 1381 4848 Herzog
1407 4719 1465 4760 zur
1485 4693 1666 4848 rlnsltisung1
1689 4697 1746 4761 der
1766 4695 1813 4761 Bu

273 4784 336 4848 Ste
370 4807 416 4848 en
438 4785 471 4848 in
500 4783 604 4848 seiner
625 4782 778 4848 hiiehsten
799 4781 887 4848 Noth
909 4804 950 4846 en
971 4781 1039 4848 sich
1082 4805 1266 4862 enommen3
1299 4783 1361 4848 end
1376 4781 1425 4848 ich
1449 4781 1535 4848 hatte
1557 4781 1624 4850 ihm
1668 4806 1703 4848 er
1724 4781 1837 4850 Bischo

272 4807 363 4936 nocH
378 4869 421 4934 50
442 4867 535 4934 Murh
557 4865 676 4934 Silhers
697 4889 770 4934 rom
792 4865 912 4932 Kirche
980 4879 1010 4932 te
1032 4806 1186 4960 gehiehen.
1238 4867 1285 4934 Er
1306 4867 1487 4960 versprach,
1519 4865 1602 4932 Alles
1631 4891 1670 4930 zu
1696 4865 1851 4932 hezuhlen

199 4953 212 5024 ⁹,
271 4955 337 5019 und
362 4954 414 5019 die
441 4953 562 5020 Kirche
589 4951 734 5020 schsdloe
761 4950 855 5018 deliir
882 4973 921 5016 zu
973 4951 1067 5018 ulteu.
1118 4953 1211 5019 Oben
1238 4952 1337 5019 seiten
1358 4955 1430 5028 wir,
1461 4971 1525 5020 was
1546 4953 1698 5020 Heinrich
1720 4951 1772 5027 ill.
1796 4948 1850 5017 bei

271 5033 388 5106 eeinem
409 5039 504 5106 Tode
526 5037 613 5105 lutto
631 5037 715 5105 noch
737 5035 880 5131 aehuldig
900 5036 1067 5128 gehliehen
1087 5057 1163 5105 wer.
1467 5067 1470 5074 ’
1506 5047 1509 5056 ’
1559 5072 1561 5080 ·
