4660 5762
849 562 855 577 ·
884 471 1105 610 Uri-mm.
1161 531 1287 608 (CIV.
1334 576 1340 589 ·
1858 527 1934 620 ddi

244 737 331 820 datu
349 735 562 818 deuincti
580 747 809 838 duosam
827 735 1162 817 immolamus
1179 731 1640 816 simultrsctiadcasttum
1659 735 1823 820 ecclesie
1841 739 1937 842 quot

244 843 340 922 idem
364 841 441 920 dux
466 865 533 945 per
554 842 756 947 potenciam
781 841 978 944 occupavit
999 851 1039 917 et
1062 841 1098 917 iu
1122 834 1251 920 ecdem
1275 849 1399 918 casuu
1420 841 1457 918 in
1475 865 1658 920 carcerem
1684 855 1768 922 subt
1784 842 1935 941 detrud,

244 945 317 1028 sud
328 958 464 1051 postea
477 945 673 1037 metatu
724 947 880 1048 Propter
896 943 1003 1046 quud,
1021 944 1155 1023 lactum
1173 957 1213 1022 et
1229 945 1365 1022 scisma
1382 955 1442 1022 est
1457 945 1493 1022 iu
1509 947 1641 1048 populu
1659 959 1697 1024 et
1711 949 1747 1024 iu
1766 949 1878 1043 oleru,
1898 963 1937 1028 et

244 1052 376 1130 viduis
401 1049 576 1129 ecclesiis
600 1050 749 1128 dium
776 1049 1037 1151 provinciarum
1069 1071 1184 1148 grave
1213 1047 1424 1128 scandalum
1449 1061 1510 1127 est
1541 1059 1714 1128 exortum.
1761 1053 1936 1132 mena

125 1231 129 1240 .
245 1157 361 1235 eciam
379 1177 503 1232 amnes
520 1165 561 1230 et
574 1166 771 1255 preventus
786 1167 856 1230 tam
875 1164 1021 1232 umbos
1038 1153 1275 1255 episcopales
1290 1178 1394 1254 quan
1412 1154 1622 1232 clericorum
1639 1166 1677 1232 et
1689 1155 1936 1256 religiusunrm

245 1259 411 1340 ecclesie
427 1258 701 1336 ubaervmcinm
719 1258 906 1346 anhelem,
934 1255 1056 1336 edictu
1074 1257 1217 1358 publicu
1234 1257 1271 1334 in
1294 1257 1384 1334 luris
1402 1257 1583 1336 civitatum
1607 1258 1720 1351 iactu,
1751 1285 1818 1336 sun
1843 1261 1936 1340 decu

244 1365 334 1443 lecit
358 1371 396 1442 et
420 1361 548 1438 usibus
571 1359 765 1464 applicari,
793 1361 900 1438 nicbil
917 1373 1066 1462 prorem
1083 1361 1118 1472 iu
1135 1380 1203 1438 suo
1222 1349 1374 1438 dedicio
1392 1385 1456 1464 pru
1472 1363 1549 1439 vite
1564 1363 1847 1442 necessitatibus
1864 1375 1936 1442 tam

245 1469 348 1546 nubis
373 1491 476 1568 ‘lm'
502 1465 603 1546 clero
627 1476 750 1542 nodru
767 1462 816 1541 de
833 1465 994 1540 curribus
1010 1465 1115 1540 nubis
1131 1465 1245 1542 ateis
1260 1463 1403 1542 debitis
1420 1466 1652 1567 proventibus
1669 1465 1936 1567 derelinquens.

245 1571 327 1650 Sed
349 1579 390 1649 et
411 1569 488 1647 alia
508 1571 628 1646 baasa
651 1571 780 1670 gravia
807 1579 844 1646 et
867 1565 993 1646 edicta
1015 1579 1087 1646 tam
1104 1578 1233 1646 eunus
1320 1567 1591 1648 diotosfraues
1614 1569 1873 1648 Predicatores
1898 1581 1937 1648 bt

246 1677 341 1754 abes
364 1675 578 1775 religiosus,
604 1698 708 1774 quam
732 1684 860 1750 eontra
876 1673 1010 1751 clemm
1028 1670 1231 1750 secrrlarern
1276 1672 1382 1762 udum
1397 1673 1656 1776 promulgati&
1673 1673 1872 1766 mundavit,
1898 1686 1937 1752 ut
1991 1689 2069 1760 ruse,

244 1778 419 1858 videlieet
435 1775 621 1898 nullasnd
636 1799 758 1900 eorum
775 1773 963 1855 ecclesias
979 1773 1116 1854 audeat
1130 1773 1317 1900 accedere
1340 1801 1411 1856 neu
1429 1775 1569 1901 eisdem
1585 1801 1650 1902 pru
1672 1779 1749 1856 vite
1765 1779 1936 1856 uecessi-
1953 1759 2104 1884 ¹⁸5ss}

244 1877 982 2090 mmmm
984 1905 1132 2084 ,1:0³0
1133 1879 1183 2062 {i
1198 1881 1936 2077 aeclesiasticus:

246 2093 366 2216 elssie
387 2089 564 2212 iatrrlitet
587 2087 720 2166 irrisere
743 2113 815 2211 uun
838 2087 984 2210 desistit
1008 2088 1217 2187 gravamina
1241 2099 1349 2189 atque
1373 2087 1546 2192 dampna,
1573 2087 1668 2212 qnod
1691 2113 1761 2166 nun
1783 2103 1941 2193 possunt

245 2195 359 2376 {iii
372 2189 1935 2400 litttttlltssdt¹·,l⁰t¹⁰,tlt⁰itttlttltssmt'rtzltzlssrtbt
1987 2309 2063 2398 a,

190 2421 196 2431 ·
247 2401 355 2482 Sciat
377 2402 496 2478 eciam
519 2411 644 2476 restra
668 2397 888 2498 benignitas,
915 2395 1010 2499 quud
1033 2397 1150 2476 sedes
1167 2397 1389 2500 apostolica,
1415 2401 1592 2478 miserans
1608 2413 1679 2478 tam
1697 2427 1810 2502 grave
1828 2401 1935 2480 exci-
1987 2385 2069 2449 ΑΜ·

245 2505 340 2582 diurn
358 2504 522 2583 ecclesie
539 2513 680 2597 nostre,
705 2503 935 2580 venerabiles
960 2513 1084 2604 patres
1109 2501 1270 2580 dominus
1288 2502 1730 2583 Wladislauieusem
1754 2517 1791 2582 et
1814 2507 1935 2583 Pon-

245 2611 507 2686 sanienrem
531 2607 729 2710 episcopos
744 2631 857 2709 nuper
874 2620 1093 2684 executores
1112 2629 1162 2684 ex
1180 2618 1282 2684 certa
1298 2608 1464 2686 sciencia
1485 2633 1596 2711 snper
1610 2607 1785 2710 predictis
1802 2610 1936 2686 uostris

245 2713 444 2792 sentenciis
470 2709 656 2822 deputavit
666 2713 714 2802 ⁸),
740 2723 919 2811 quatenns
941 2711 1057 2813 ipsum
1083 2707 1211 2788 ducem
1238 2713 1578 2791 excommunicatum
1601 2713 1636 2788 iu
1662 2714 1740 2788 suis
1760 2713 1936 2792 ecclesiis
1991 2721 2068 2794 ΙΝ,

244 2817 389 2922 publice
412 2815 621 2892 nunciarent
644 2825 682 2891 et
703 2813 869 2892 iacerent
892 2815 938 2890 ab
964 2813 1047 2890 aliis
1072 2837 1139 2916 per
1162 2839 1285 2890 omnes
1303 2813 1490 2918 dyoceses
1512 2817 1698 2918 provincie
1714 2818 1935 2895 Puluuiee
1967 2856 1970 2862 ·

245 2921 390 3024 publice
408 2919 585 3010 nunciati,
614 2915 778 2995 candelis
797 2919 968 2996 accensis
994 2933 1031 2994 et
1046 2917 1202 3020 pulsatis
1221 2921 1405 3021 campanis
1423 2921 1576 3020 singulis
1601 2919 1730 2997 diebus
1748 2921 1936 2998 dominicis

247 3036 285 3101 et
310 3024 428 3116 seriis,
458 3035 495 3100 et
517 3020 653 3098 debere
678 3022 815 3097 servari
841 3024 888 3097 ab
911 3022 1072 3097 omnibns
1094 3022 1129 3096 in
1154 3033 1252 3098 terra
1269 3021 1356 3099 dieti
1374 3021 1480 3100 ducis
1503 3025 1725 3099 sentenciam
1743 3021 1933 3100 interdicti.

248 3125 354 3220 Quod
377 3127 465 3204 licet
489 3124 595 3202 iidem
620 3137 839 3226 exequtures
862 3125 992 3201 litteris
1017 3125 1094 3200 suis
1119 3125 1201 3200 aliis
1224 3149 1291 3227 per
1313 3137 1422 3202 totam
1439 3127 1656 3228 provinciam
1674 3127 1933 3207 Pulunicam

246 3229 492 3308 mandaverint
509 3227 758 3330 exequendum
769 3229 800 3320 ⁴)
824 3239 863 3305 et
878 3229 1021 3330 ipsimet
1038 3229 1153 3307 eciam
1170 3226 1326 3306 fideliter
1350 3229 1386 3306 in
1405 3229 1483 3304 suis
1500 3227 1722 3330 dyocesibus
1746 3253 1934 3330 aequan-
1991 3235 2069 3306 Μ,

149 3379 152 3386 ’
245 3347 319 3428 tur,
352 3341 454 3410 idem
475 3339 702 3409 tumendum
726 3339 831 3433 ipsus
852 3341 1062 3410 sentenciae
1085 3347 1276 3432 tamquarm
1297 3339 1475 3433 stipulum
1498 3347 1679 3432 reputatus
1701 3362 1770 3408 aua
1794 3345 1934 3409 tantum
1974 3309 2082 3428 ΑΨ·

246 3445 370 3514 ammo
386 3445 541 3514 sasdaet
556 3443 741 3524 indurato,
765 3465 888 3536 ymmo
906 3443 1070 3512 deterius
1086 3443 1286 3512 ecclesiam
1302 3443 1483 3536 opprimit
1497 3451 1534 3512 et
1550 3445 1728 3512 molestat.
1998 3433 2008 3456 '

350 3540 413 3619 Ne
430 3541 538 3642 igitur
553 3539 719 3644 predicta
736 3541 904 3618 ecclesia
926 3551 1050 3616 nosue
1065 3549 1136 3616 tam
1153 3538 1347 3618 excidisse
1364 3549 1519 3641 gravata
1540 3539 1590 3616 ad
1610 3539 1775 3617 niebilum
1792 3541 1936 3642 penitus

247 3645 435 3746 redigatur
458 3655 495 3721 et
517 3669 584 3748 pe*
606 3644 812 3746 prophanus
830 3643 1155 3736 administratores,
1184 3645 1242 3744 qui
1259 3645 1424 3747 pupulum
1442 3641 1683 3723 Christianum
1708 3641 1935 3745 decipientes

247 3749 502 3829 scandalizant
519 3749 647 3850 pocius
663 3761 767 3848 quum
785 3747 956 3826 edificant
972 3747 1101 3825 claves
1118 3747 1282 3826 ecclesie
1299 3747 1582 3852 contempnendo
1608 3759 1646 3825 et
1662 3773 1708 3826 ne
1726 3759 1797 3824 tam
1812 3747 1935 3849 perni-

249 3857 386 3933 ciosum
412 3852 613 3960 exemplum
635 3853 671 3927 iu
694 3852 836 3929 vicinas
852 3853 1052 3945 ecelesias,
1069 3849 1257 3954 dyuccses
1274 3863 1311 3929 et
1327 3853 1533 3954 provincias
1549 3862 1777 3954 prorogetur,
1804 3851 1838 3926 si
1863 3863 1936 3926 tam

247 3961 283 4035 in
300 3961 382 4062 ipsc
398 3956 497 4034 duee
514 3981 616 4058 quam
634 3957 669 4031 in
687 3955 1031 4034 administratoribus
1056 3954 1433 4058 predictis‘excessus
1451 3965 1521 4032 tam
1540 3979 1704 4032 enormes
1729 3965 1937 4031 remaneant

247 4063 458 4152 incorrecti,
486 4059 671 4138 sauctiuti
687 4071 813 4139 vestre
829 4061 981 4158 genibus
996 4059 1172 4161 provoluti
1189 4058 1456 4136 lacrimabiliter
1476 4058 1731 4164 supplicamus,
1757 4071 1937 4158 quatem
1996 4131 1999 4136 ,

249 4173 454 4243 cumidem
475 4171 557 4240 dac
578 4171 770 4264 spirituali
790 4169 923 4263 gladia
941 4171 1038 4238 'uelit
1061 4168 1201 4261 corrigi
1224 4191 1341 4262 raeque
1354 4168 1489 4262 pouit,
1514 4169 1553 4236 iu
1575 4167 1859 4238 obstinacicaem
1876 4169 1937 4238 vel

243 4275 380 4374 pocius
400 4273 705 4370 desperacionem
726 4273 934 4366 prolapsas·
950 4275 1077 4342 owner
1101 4271 1258 4342 ecclesis
1280 4272 1428 4365 perdtus
1450 4271 1756 4362 contempnendo,
1780 4271 1938 4362 placent
1992 4321 1994 4327 -

117 4414 119 4420 ·
177 4379 180 4386 ’
245 4379 467 4475 paternitati
489 4385 609 4448 matre
633 4377 683 4446 de
707 4377 777 4446 tali
798 4375 965 4446 remedio
987 4375 1188 4469 procidere
1210 4375 1285 4468 ipsi
1307 4374 1483 4455 ecclesie,
1516 4379 1661 4470 propter
1682 4391 1762 4444 euru
1784 4367 1842 4467 qui
1865 4366 1934 4444 sibi

248 4501 329 4556 eam
347 4478 381 4554 in
397 4475 564 4577 virginali
582 4483 683 4554 utero
699 4472 959 4578 desponsavit,
984 4497 1055 4575 que
1070 4473 1108 4549 in
1124 4473 1252 4585 gracia
1272 4481 1397 4550 restra
1421 4483 1458 4549 et
1479 4471 1676 4576 patrocinio
1700 4471 1780 4548 lixit
1795 4469 1935 4554 anebo-

1951 2791 2103 2848 reuu..
2242 2860 2246 2874 ‚
