4622 5772
399 513 477 594 Ν
863 513 1075 590 cremera
1125 501 1372 588 OEXXXW.
1398 511 1615 588 OEXXXV.

399 743 468 800 uos
493 731 533 798 et
557 729 680 796 nosbe
705 715 976 818 deprendam
1003 715 1167 794 ecclesie
1183 716 1318 794 uestris
1343 713 1508 794 ot'ocets
1532 715 1935 820 aposioliceopertunia
1960 737 2079 794 reue·

400 824 472 902 diis
503 825 767 924 subportantes.
824 819 878 897 lit
909 821 998 898 licet
1029 820 1100 898 beo
1132 819 1278 896 sociatis
1309 843 1430 898 amore
1463 817 1524 898 dei
1550 833 1589 898 et
1613 819 1873 898 ecclesiastice
1904 819 2083 898 libertatis

399 927 656 1034 perpetualiter
680 921 926 1016 observande,
957 921 1034 998 dux
1057 935 1176 1000 umen
1203 922 1359 1014 Wrat,
1390 923 1440 1000 od
1464 929 1634 1024 majorem
1659 923 1929 1002 desolo-cionem
1955 923 2084 1004 eccle·

400 1035 458 1111 aie
483 1031 661 1134 aspirans,
688 1027 749 1104 dei
774 1029 899 1104 timme
924 1027 1144 1129 postposito,
1174 1026 1209 1104 in
1236 1027 1471 1129 'contemptum
1498 1027 1651 1104 clavium
1676 1038 1715 1104 et
1740 1027 1999 1106 ecclesiastice
2023 1025 2084 1103 di-

400 1136 554 1240 scipline
586 1135 632 1209 ab
665 1129 958 1234 oppressionibus
991 1132 1123 1206 nostris
1155 1143 1194 1207 et
1225 1130 1388 1208 ecclesie
1419 1155 1467 1209 ac
1500 1131 1589 1208 cleri
1619 1129 1868 1208 obedienciam
1903 1131 2085 1208 servantis

268 1259 271 1266 ’
400 1263 537 1318 manum
562 1261 631 1314 uon
651 1236 812 1338 reprimit
837 1259 949 1325 suam,
977 1235 1145 1334 graviora
1168 1233 1344 1335 prioribus
1369 1233 1567 1312 inserendo.
1620 1234 1905 1313 Castmm'euim
1931 1233 2084 1310 otuu-

401 1344 549 1433 cbow,
582 1338 677 1441 qood
708 1339 775 1414 fnit
808 1351 845 1414 et
878 1351 957 1414 erat
988 1349 1111 1414 nostre
1138 1337 1278 1412 Wrot.
1311 1338 1475 1415 ecclesie
1506 1339 1748 1440 patrimonium
1773 1338 1957 1440 speciale,
1990 1338 2085 1416 inter

401 1459 549 1526 ceteras
567 1445 746 1522 fracturas
765 1439 944 1518 domenum
963 1453 1159 1518 nostrarum
1179 1449 1217 1518 et
1234 1442 1494 1534 canonicorum,
1521 1471 1605 1518 cum
1630 1447 1798 1518 domibus
1815 1456 1891 1516 lum
1918 1449 2084 1540 lapideis

400 1579 513 1652 wem
538 1555 674 1648 ligneis
697 1553 861 1644 disrupit
883 1561 921 1621 et
945 1552 983 1620 iu
1008 1560 1149 1622 terram
1175 1548 1319 1640 dejecit
1340 1573 1389 1620 oc
1414 1553 1561 1632 euertit,
1587 1549 1746 1643 soaaotia
1770 1549 1936 1620 omnibus
1960 1552 2084 1620 lateii-

401 1669 459 1732 ter
485 1658 737 1751 complanatis.
783 1649 846 1726 Ne
870 1649 978 1749 igitur
1002 1663 1073 1724 mm
1098 1661 1404 1750 presumptuosum
1430 1648 1563 1726 factum
1590 1661 1628 1725 et
1651 1649 1889 1750 perniciosum
1915 1647 2082 1751 exemplo

401 1783 448 1836 ac
471 1754 719 1858 vituperabile,
745 1752 831 1828 eliis
854 1752 1158 1858 presumptoribns
1183 1763 1345 1830 transeat
1359 1753 1394 1828 in
1413 1753 1625 1854 exemplum,
1652 1763 1776 1830 ventre
1793 1751 1997 1830 sanctitatis
2013 1775 2084 1854 pa-

400 1859 600 1938 ternitatem
625 1882 793 1957 rogamus
819 1856 994 1932 bumilitcr
1020 1868 1057 1932 et
1082 1855 1234 1948 devote,
1261 1867 1299 1930 ut
1323 1855 1614 1956 quemadmodum
1640 1857 1838 1957 patrocinio
1863 1867 1987 1934 vestre
2014 1853 2084 1932 de-

401 1963 578 2042 fensionis
603 1985 670 2037 nos
696 1973 734 2036 et
758 1969 915 2036 cosmam
941 1959 1137 2036 ecclesiam
1163 1957 1354 2059 dignemini
1377 1959 1555 2037 relevare.
1590 1958 1845 2060 significamus
1863 1960 1979 2036 eciam
1995 1983 2083 2060 gra-

402 2070 462 2148 cie
487 2079 629 2155 vestre,
662 2061 759 2164 quod
791 2063 893 2138 nobis
925 2063 1141 2163 perturbatis
1174 2063 1333 2162 graviter
1366 2064 1481 2140 eciam
1513 2087 1705 2164 gravamen
1731 2062 1829 2140 alind
1864 2063 2082 2165 supervenit,

298 2181 301 2191 “
402 2174 486 2274 qnia
501 2169 719 2248 venerabilis
735 2178 849 2268 pater,
866 2165 959 2242 dom.
973 2167 1222 2260 iohannes,
1241 2165 1278 2242 d.
1296 2191 1351 2266 gr.
1370 2168 1726 2269 epTuscnlaous
1741 2165 1948 2260 cardinalis,
1963 2178 2083 2348 »sest

403 2274 484 2354 sed.
511 2275 597 2376 leg,
623 2272 744 2348 missis
771 2269 819 2346 ad
846 2294 912 2345 nos
939 2294 1017 2346 oum
1042 2270 1170 2346 litteris
1186 2271 1211 2361 ¹)
1237 2272 1315 2346 suis
1340 2271 1521 2370 magistris
1548 2283 1585 2348 ct
1610 2271 1811 2372 capellanis
1837 2272 1914 2346 suis
1940 2271 1979 2345 A
2013 2295 2083 2346 om

403 2393 442 2458 et
457 2377 676 2469 Nicolao,
703 2375 818 2474 exigit
843 2399 867 2450 a
891 2374 994 2448 nobis
1021 2385 1058 2449 et
1084 2400 1108 2448 a
1130 2373 1229 2452 clero
1250 2383 1371 2450 nostro
1397 2383 1548 2452 racione
1572 2381 1853 2473 procuracionio
1876 2375 1986 2473 hujus
2002 2375 2085 2450 anni

403 2494 544 2562 centum
570 2494 607 2558 ct
632 2479 885 2580 qninquaginta
909 2501 1051 2554 marcas
1072 2478 1212 2577 argenti
1238 2478 1332 2579 puri,
1363 2478 1422 2552 fini
1450 2489 1488 2555 ot
1512 2478 1584 2554 frisi
1609 2479 1644 2553 in
1674 2476 1835 2580 pondere
1861 2477 2083 2569 coloniensi,

402 2597 525 2664 nostro
556 2583 715 2686 periculo
747 2596 784 2658 et
816 2581 991 2682 expensis
1023 2579 1072 2656 ad
1099 2607 1275 2659 eameram
1309 2607 1411 2657 suam
1445 2582 1644 2682 ubicunqne
1670 2580 1764 2658 idem
1791 2581 1953 2658 dominos
1977 2581 2087 2660 inerit

403 2686 636 2778 deferendas,
662 2687 765 2760 nntius
792 2685 926 2762 mensis
952 2685 1055 2760 nobis
1088 2687 1235 2762 termino
1260 2687 1467 2786 assignato,
1501 2686 1654 2786 alioquin
1680 2685 1715 2760 in
1742 2711 1809 2762 nos
1834 2687 2085 2788 suspensionis

401 2793 533 2898 primo,
567 2789 698 2867 debinc
724 2789 1108 2866 excommunicacionis
1134 2789 1342 2868 sentencias
1368 2789 1625 2890 promulgabat,
1656 2790 1751 2866 sicrrt
1777 2791 1888 2866 uestri
1911 2813 2085 2891 procura·

402 2909 502 2974 tores
527 2895 631 2972 vobis
656 2905 809 2996 possunt
833 2892 974 2994 plenius
1001 2893 1199 2994 explicare.
1261 2891 1351 2972 Oum
1375 2907 1493 2970 tanton
1518 2891 1614 2970 idem
1640 2891 1835 2972 cardinalis
1860 2894 2084 2994 ejecoiooem

337 3093 340 3105 Ι
401 3012 559 3078 nostram
585 3010 624 3076 et
649 2999 737 3076 cleri
763 2997 875 3074 nostri
900 2996 1157 3097 spoliaoionem
1182 3007 1220 3074 et
1243 2994 1512 3074 desolacioncm
1538 3010 1660 3074 nostre
1695 2997 1858 3076 ecclesie
1884 3021 1952 3072 non
1976 2997 2084 3100 igno-

401 3117 469 3196 ret,
495 3099 761 3208 propterquod
786 3126 876 3178 onus
902 3101 1005 3176 nobis
1032 3113 1070 3177 et
1095 3101 1258 3180 ecclesie
1283 3111 1406 3178 nostre
1431 3101 1572 3202 penitus
1597 3101 1820 3178 intolerabile
1853 3111 1890 3178 et
1915 3099 1965 3177 ad
1997 3125 2085 3204 pre·

403 3233 491 3286 sens
515 3206 749 3308 impossibile,
775 3203 857 3282 sedi
883 3204 1085 3305 apostolice
1097 3204 1357 3306 appellavimus
1367 3206 1412 3297 ²),
1439 3231 1518 3296 uos,
1545 3217 1700 3282 nostram
1727 3205 1924 3282 ecclesiam
1949 3215 1987 3282 et
2004 3204 2084 3284 cle-

402 3339 488 3405 rom,
516 3309 681 3412 ejusdem
705 3308 928 3410 proteccioni
954 3320 993 3384 et
1016 3308 1142 3407 gracie
1168 3310 1426 3386 submittentes.
1484 3307 1590 3386 Unde
1616 3309 1819 3410 paternitati
1843 3320 1968 3386 vestre
1994 3333 2085 3410 sap-

295 3437 303 3453 ·
402 3417 589 3518 plicamus,
616 3423 792 3513 quatenus
817 3411 966 3514 placeat
989 3411 1114 3511 pietati
1139 3423 1276 3504 vestre,
1302 3412 1373 3514 ipsi
1398 3409 1540 3488 domino
1566 3409 1741 3490 cardinali
1757 3437 1867 3514 super
1883 3411 2086 3514 bujnsmodi

287 3599 290 3607 ,
403 3519 537 3596 nostris
562 3516 824 3594 affliccionibns
850 3512 1008 3614 dirigere
1034 3515 1171 3618 scripto
1194 3527 1330 3592 vestra.
1365 3517 1496 3592 Datum
1523 3516 1759 3609 Ratbibor,
1785 3516 1820 3592 in
1847 3513 1909 3594 die
1934 3543 1968 3592 s.
1993 3516 2085 3592 illo·

404 3622 494 3712 riaoti
518 3620 696 3723 martyris,
723 3643 758 3695 a.
785 3616 822 3694 d.
849 3615 1116 3697 dcccxxx
1141 3619 1304 3720 septimo.

235 4047 391 4103 ccxxxv·
509 4032 660 4110 Domino
687 4031 907 4109 Firmano:
945 4029 1011 4108 Ad
1042 4043 1166 4109 vestre
1197 4029 1423 4131 paternitatis
1453 4027 1713 4108 discrecionem
1746 4028 1795 4108 de
1826 3979 2087 4110 afflictionibus

241 4129 373 4266 affl)
406 4147 529 4216 nostre
562 4136 724 4215 ecclesie
757 4145 985 4214 recurrentes
1016 4147 1139 4212 vestre
1170 4131 1399 4213 sollicitudini
1431 4159 1533 4234 qurum
1567 4135 1667 4212 circa
1697 4159 1765 4210 nos
1789 4134 1931 4212 habetis
1955 4143 1993 4210 et
2017 4157 2086 4212 no-

407 4253 516 4323 stum
543 4241 738 4321 ecclesiam
764 4241 964 4341 graciarum
989 4239 1176 4316 referimus
1201 4239 1374 4316 acciones
1400 4263 1463 4340 pro
1490 4262 1553 4332 eo,
1587 4235 1682 4339 quod
1708 4263 1774 4314 nos
1800 4237 1933 4314 vostris
1956 4237 2086 4318 litteris

406 4345 609 4439 visitantes,
635 4357 779 4422 nostros
806 4355 843 4421 et
868 4343 1031 4422 ecclesie
1057 4354 1180 4418 nostre
1202 4352 1453 4442 procuratores
1471 4342 1673 4442 magistrum
1691 4339 1911 4420 Andream
1937 4353 1975 4420 et
1991 4339 2084 4420 dom.
2134 4417 2138 4432 ,

249 4465 252 4472 ’
407 4449 702 4527 Laurcnoiun
726 4448 761 4522 in
788 4447 946 4524 omuibus
971 4447 1006 4522 in
1033 4447 1160 4546 quibos
1186 4443 1336 4547 expedit
1360 4443 1555 4545 adjuvatis.
1606 4443 1660 4521 Et
1684 4447 1845 4548 qtaemuis
1868 4445 1941 4525 bec
1965 4445 2085 4524 iacia-

407 4553 456 4630 tis
481 4564 605 4631 vestro
631 4552 757 4630 lavore
789 4562 826 4628 et
858 4549 919 4628 dei
949 4573 1070 4626 amore
1102 4573 1150 4628 ac
1183 4549 1442 4626 ecclesiastice
1475 4548 1651 4624 libertatis
1676 4549 1932 4652 perpetualiter
1957 4551 2085 4628 obser·
2153 4543 2158 4550 ’

408 4655 547 4750 vande,
574 4653 736 4734 dominus
761 4665 878 4732 umen
903 4652 979 4731 dux
1004 4654 1142 4734 Wrat
1167 4651 1217 4730 ad
1241 4657 1409 4751 majore·
1435 4649 1703 4730 desolacionem
1735 4666 1774 4730 et
1798 4652 2085 4734 destruccionem

425 4875 487 4966 χι)
513 4875 554 4941 u.
576 4875 760 4942 ccxxxi

451 4982 486 5061 ι)
505 4977 554 5044 ιι.
574 4977 759 5046 commo.
776 5007 803 5018 -·
