4594 5774
814 527 1025 602 ortonnes
1080 513 1309 600 oenx'm
1455 537 1459 548 '
1829 525 1906 604 m

222 739 409 831 libum,
434 757 482 814 ne
507 755 740 836 quacunque
764 755 943 834 pomnen
965 727 1067 808 dicte
1089 729 1232 806 Wrut.
1260 727 1619 832 ciuibtiedeinceps
1644 729 1833 812 admittunt
1855 733 1909 812 ad

224 842 347 920 diuina
372 841 495 918 officio
521 839 584 916 vel
609 836 870 916 ecclesiastico
894 845 1122 912 sacramento
1146 834 1180 908 si
1204 833 1456 935 suspensionis
1482 843 1522 910 et
1538 835 1812 936 irregularitatis
1837 863 1907 942 pe-

222 971 291 1024 nas
317 947 461 1048 cupiunt
486 943 643 1032 evitsre,
676 939 996 1016 nonobstantibus
1025 935 1266 1037 indulgenciis
1294 935 1343 1013 de
1373 934 1568 1016 ordiendis
1592 937 1722 1021 diuinis
1756 953 1801 1019 et·
1818 967 1906 1044 per-

220 1047 401 1154 cipiendis
432 1045 669 1125 mentis
698 1055 807 1121 extra
828 1043 914 1120 loce
937 1039 1130 1118 interdicta
1154 1065 1179 1118 a
1201 1041 1399 1118 katholicis
1433 1053 1471 1118 et
1494 1041 1658 1120 tolerot’s
1682 1045 1907 1149 preshyteris

220 1166 307 1232 unte
357 1163 536 1230 rosentem
561 1148 851 1226 deoluracioueu
877 1169 943 1247 per
967 1169 1053 1237 uos,
1079 1143 1272 1222 officislenr
1296 1155 1455 1220 nosnm
1478 1169 1546 1222 seu
1571 1143 1791 1225 Andreunr
1816 1152 1906 1228 sub-

354 1281 410 1333 eur
444 1253 881 1330 Wrutislauionsen
920 1247 1188 1350 quibuscunque
1227 1249 1437 1342 concessis,
1480 1273 1547 1350 per
1577 1270 1780 1350 presentem
1808 1255 1906 1331 erriru

220 1359 511 1439 declnrucioneur
536 1359 618 1459 ipso
638 1361 723 1456 jure
748 1349 952 1454 hujusmodi
976 1349 1207 1452 indulgencie
1232 1365 1449 1431 mvocsnnn
1471 1377 1542 1432 nec
1558 1351 1735 1457 deinceps
1752 1355 1800 1434 de
1819 1362 1907 1458 jtue

221 1465 299 1543 lieri
325 1475 496 1566 possunt,
523 1457 687 1561 quamdiu
714 1458 859 1559 prelato
882 1457 1099 1532 universitas
1125 1465 1286 1532 mutnet
1309 1455 1511 1533 interdicta

324 1569 504 1644 Pretereu
527 1562 711 1640 memoruti
735 1562 949 1662 cupitaneus
974 1571 1012 1638 et
1038 1560 1209 1638 mucules
1226 1559 1366 1636 Wrut
1392 1559 1567 1663 predictis
1593 1563 1813 1639 excessibus
1836 1585 1906 1640 nou

221 1671 394 1763 contenti,
430 1665 665 1746 reverendum
690 1665 801 1742 uirum
833 1665 978 1740 fratrent
1002 1665 1297 1740 Hermunnnm
1330 1665 1542 1742 omniserunt
1577 1689 1656 1742 curn
1682 1665 1804 1758 stello,
1830 1668 1906 1744 uite

220 1775 402 1956 pqurirrum
427 1768 727 1861 conuentorum,
752 1770 787 1844 in
814 1768 978 1846 ecclesis
1003 1779 1041 1844 et
1067 1768 1236 1845 orucioue
1259 1779 1436 1870 repermrn
1463 1767 1513 1846 de
1538 1770 1752 1846 monasterio
1778 1795 1847 1846 suo
1871 1795 1905 1846 s.

264 1879 363 1956 athie
389 1875 459 1953 sed
485 1887 524 1952 et
548 1874 741 1974 religiosos
759 1873 858 1948 mro·
883 1871 1028 1966 trabes
1053 1871 1293 1950 llenricum
1318 1870 1366 1948 de
1391 1871 1629 1966 l’olsnicu,
1656 1871 1906 1951 Gonrodnur

222 1984 460 2072 Bonorum,
494 1977 743 2055 Jobunnenr
776 1973 824 2052 de
857 1977 1008 2074 Brcgu
1047 1985 1085 2050 et
1114 1975 1376 2077 Volp'ertum
1410 1978 1606 2053 cononicus
1636 1977 1825 2078 mptum
1856 1975 1907 2056 de

221 2085 438 2164 mosterio
465 2109 497 2157 ι.
522 2081 659 2174 Marie,
690 2079 836 2180 inJ'ectis
862 2089 932 2154 tom
957 2079 993 2153 in
1019 2077 1122 2180 ipsos
1147 2103 1252 2178 quern
1277 2079 1312 2154 iu
1337 2078 1482 2156 frabent
1505 2081 1793 2158 Hermannum
1819 2105 1905 2184 pre-

222 2187 355 2267 dictum
386 2185 586 2264 temerariis
620 2195 657 2261 et
690 2183 883 2282 sucrilegis
913 2181 1074 2256 munibus
1129 2204 1171 2281 er
1202 2180 1505 2258 'l'heodricum
1543 2181 1592 2260 dc
1624 2185 1835 2262 lllulheim
1867 2198 1907 2263 et

222 2289 439 2369 Godinum
466 2287 682 2367 Adollum
715 2287 859 2363 fratrem
884 2282 1068 2376 codini,
1128 2285 1235 2361 ‘ctum
1266 2285 1690 2382 Kacninscbinder‚
1721 2290 1905 2367 Hunco·

222 2421 316 2472 nem
332 2395 497 2470 famulum
515 2391 703 2483 Godioi,
728 2387 961 2468 Sidlonom
984 2387 1223 2467 Kithelicu
1249 2402 1287 2466 et
1302 2388 1617 2484 Fricuconern,
1644 2391 1797 2468 famulos
1815 2417 1906 2470 cun-

223 2499 338 2576 sulum
362 2494 812 2572 Wrotisloniensiuur
845 2517 938 2569 auno
971 2489 1065 2568 dorn.
1099 2491 1334 2586 MCCGXL,
1367 2505 1479 2570 sextu
1507 2493 1600 2572 serio
1628 2496 1792 2598 proximu
1822 2507 1906 2599 post
1957 2507 2044 2596 loro,

223 2615 377 2680 octavus
403 2601 543 2703 pasche
568 2599 691 2676 heresi
716 2623 809 2674 nove
835 2597 1018 2699 exportari
1044 2605 1082 2674 et
1106 2597 1177 2672 eici
1202 2596 1366 2673 fecerunt
1396 2609 1435 2674 et
1458 2597 1669 2680 nondumne
1696 2602 1842 2702 publice
1865 2613 1906 2678 et
1919 2575 1963 2634 w·
1981 2583 2063 2646 ΛΡΜ·

221 2706 360 2782 notorie
384 2705 484 2782 lucto
510 2727 647 2780 rumore
672 2725 804 2802 magno
828 2713 867 2777 et
892 2723 1070 2778 concursu
1096 2699 1312 2801 populorum.
1348 2699 1500 2802 lusuper
1522 2699 1675 2803 predicti
1693 2706 1905 2806 capitaneus

221 2821 260 2887 et
284 2809 456 2888 consules
482 2807 678 2885 ecclesium
703 2802 967 2895 kathedrolem,
995 2801 1171 2880 donuinam
1196 2815 1235 2881 et
1259 2811 1441 2906 petronam
1467 2831 1587 2900 soum,
1618 2807 1843 2885 violaverunt
1866 2821 1906 2888 et

221 2912 349 2989 uioluri
380 2912 544 2990 lecerunt
575 2935 668 2988 enno
702 2909 832 2986 domini
864 2905 1132 2986 MCCCXXX
1164 2931 1275 2999 nouo,
1307 2919 1439 2984 octauo
1469 2907 1651 2986 lrolendas
1676 2913 1904 3006 Decembris,
1960 2937 2037 3006 rouo,

222 3015 293 3094 hoc
320 3027 379 3094 est
402 3013 615 3118 precedenti
641 3012 702 3090 dic
728 3039 760 3088 s.
788 3011 989 3088 Katherine
1014 3021 1053 3087 et
1077 3011 1185 3102 citro,
1217 3023 1255 3088 et
1280 3011 1445 3086 continue
1476 3027 1544 3112 por
1567 3023 1676 3088 totum
1701 3025 1841 3116 tempus
1867 3027 1906 3092 et
1931 3007 1974 3064 ²⁴
1992 3010 2059 3064 W·

223 3117 343 3198 udbuc
366 3129 405 3196 et
429 3119 582 3210 faciunt,
613 3115 771 3192 locuuilo
799 3116 834 3190 in
859 3117 941 3216 ipso
966 3114 1147 3190 sotellites
1174 3139 1279 3206 suos,
1312 3113 1543 3216 prohibentes
1569 3140 1615 3193 ne
1641 3117 1721 3215 quis
1747 3117 1905 3196 clericus

222 3225 284 3302 uel
309 3223 468 3298 minister
496 3221 611 3322 ipsius
643 3219 691 3294 ibi
724 3218 842 3320 possit
872 3215 1057 3294 accedere
1083 3215 1194 3295 etde
1219 3219 1346 3310 rebus,
1379 3218 1533 3312 cusulis,
1569 3219 1762 3314 culicibus,
1789 3222 1905 3324 capis,

222 3328 341 3420 libris,
376 3326 543 3404 crucibus
568 3336 608 3400 et
631 3323 714 3398 eliis
740 3321 955 3398 ornamentis
989 3321 1151 3398 ecclesie
1177 3319 1389 3424 disponere,
1421 3321 1492 3398 imo
1521 3323 1648 3398 ostium
1674 3325 1843 3402 sucnstie
1867 3325 1904 3400 in

224 3431 390 3510 ecclesis
413 3431 513 3530 ipsu,
547 3428 582 3502 in
609 3451 679 3526 quo
704 3423 869 3526 ejusdem
887 3425 1049 3508 ecclesie
1075 3437 1282 3502 ornurnenta
1305 3423 1474 3528 deposito
1504 3438 1542 3502 et
1566 3437 1714 3504 serrato
1731 3453 1820 3506 esse
1836 3451 1904 3504 no·

223 3547 382 3626 scuntur,
408 3534 584 3608 uiolenter
608 3527 683 3607 ledi
709 3542 749 3612 et,
770 3529 912 3629 infringi
937 3528 1111 3622 lecerunt,
1142 3527 1238 3606 idem
1263 3528 1433 3606 sumendo
1457 3530 1598 3634 irrumpi
1623 3542 1662 3608 et
1685 3557 1752 3634 per
1767 3532 1903 3609 suburnr

116 3628 119 3637 ’
221 3638 396 3742 perlorori
428 3649 466 3712 et
496 3635 672 3712 violenter
700 3634 819 3736 inponi
851 3633 1066 3709 ferramenta
1097 3645 1291 3722 etseras,
1332 3634 1389 3710 sio
1420 3633 1514 3734 qnod
1547 3635 1674 3712 ostium
1705 3634 1903 3738 predictum

223 3743 388 3821 cleribus
413 3739 576 3818 ecclesie
602 3739 731 3838 aperiri
757 3753 825 3812 non
851 3749 990 3838 potest,
1023 3761 1173 3837 numque
1198 3736 1413 3830 ecclesium,
1448 3739 1505 3815 sio
1531 3763 1598 3814 suo
1631 3739 1797 3818 munduto
1821 3741 1903 3816 uio·

223 3847 353 3925 lentam
368 3845 414 3936 ¹),
442 3867 521 3919 cum
546 3842 706 3916 omnihus
733 3841 947 3918 ornamentis
973 3853 1012 3917 et
1036 3843 1145 3917 rebus
1171 3842 1249 3917 suis
1273 3837 1433 3917 detinent
1450 3855 1662 3944 occuputam
1689 3867 1755 3919 nos
1780 3855 1819 3921 et
1833 3867 1902 3920 no·

224 3963 333 4026 strum
359 3946 549 4048 capitulum
575 3943 675 4022 dicta
700 3955 823 4020 nostru
848 3945 1006 4020 Wrot..
1021 3945 1185 4021 ecclesie
1210 3955 1248 4021 et
1270 3945 1429 4020 omnibns
1454 3947 1563 4021 rebus
1588 3944 1762 4060 predictis
1793 3949 1828 4023 in
1854 3971 1904 4026 eu

223 4053 462 4132 existentibus
489 4047 696 4150 spoliando,
730 4072 800 4148 que
826 4046 966 4146 quidem
993 4049 1109 4123 omniu
1143 4060 1181 4123 et
1205 4047 1349 4146 singulo
1373 4059 1455 4122 sunt
1479 4047 1575 4124 odeo
1601 4051 1738 4126 rrotoria
1762 4062 1800 4126 et
1824 4075 1902 4127 nru-

224 4157 376 4247 nilestu,
402 4152 498 4256 quod
522 4152 620 4228 nullu
644 4161 796 4252 possunt
821 4151 1129 4250 tergiversccione
1155 4151 1284 4244 celari,
1311 4149 1407 4226 unde
1432 4175 1500 4226 nos
1526 4176 1651 4229 omnes
1676 4143 1714 4230 et
1739 4153 1902 4254 singulos

224 4257 421 4364 predictos,
448 4269 518 4334 tour
537 4253 870 4332 Theodericum
896 4265 935 4330 et
959 4251 1176 4329 Godinum
1202 4278 1249 4331 oc
1275 4253 1367 4329 ahos
1393 4277 1512 4330 eornm
1539 4256 1735 4358 compbces
1759 4257 1902 4335 socien-

224 4375 285 4444 tes
310 4364 486 4466 premisso
511 4384 558 4437 oc
583 4359 719 4436 februm
745 4383 848 4458 quum
875 4357 1097 4459 cupituneum
1130 4369 1170 4437 et
1195 4357 1366 4434 consules
1391 4369 1616 4458 prenotntos,
1650 4383 1794 4459 quorun
1819 4375 1903 4438 sunt
1999 4415 2008 4435 ,

222 4476 430 4572 perpetrsto
455 4463 605 4542 consilio
632 4476 669 4540 et
694 4461 879 4554 munduto,
911 4462 1124 4538 auctoritate
1148 4462 1244 4564 juris
1276 4461 1469 4538 communis
1501 4473 1539 4540 et
1569 4463 1814 4540 nichilominus
1843 4466 1901 4542 ui-

225 4595 315 4674 gore
341 4567 652 4668 constitucionis²)
687 4567 768 4643 olinr
793 4563 923 4642 domini
948 4565 1115 4642 Urbuni
1148 4589 1245 4669 pape
1269 4564 1382 4666 quorti
1408 4562 1491 4640 dum
1521 4565 1558 4642 in
1582 4568 1771 4646 miuonbus
1797 4583 1901 4649 oum

268 4925 301 5006 1)
329 4914 429 4985 Sollte
448 4913 535 4982 wohl
556 4913 706 5018 violatum
724 4899 857 4983 beiasen.

266 5009 303 5091 t)
333 5004 415 5072 Vonr
435 5003 462 5069 J.
485 5001 576 5086 late
597 5001 743 5094 bestihgt
765 5001 857 5070 loeo.
900 5003 932 5069 S.
954 5001 1038 5070 oben
1059 5001 1092 5068 S.
1115 5001 1170 5083 lo,
1190 4999 1231 5068 N.
1251 5001 1283 5068 o.
