4594 5774
413 501 492 584 800
1003 501 1214 576 Urionrlen.
1276 499 1516 574 oenxxm

415 707 538 788 dictas
564 713 603 784 et
627 703 793 810 predicta
818 701 954 780 debeat
978 702 1175 781 secundnm
1195 707 1261 802 jrrs
1287 715 1470 780 commune
1495 699 1683 792 deridere,
1710 721 1778 780 serr
1796 701 1912 780 eciam
1938 699 2102 794 diffinire,

414 812 662 916 promittentes
678 809 749 886 sibi
773 806 991 884 adinvicem
1017 807 1230 883 manualiter
1254 816 1292 882 et
1317 819 1499 905 oretenus,
1526 831 1573 884 ac
1598 805 1706 882 michi
1722 807 1858 882 Petro
1884 806 2021 882 notario
2046 806 2103 880 irr-

414 917 474 992 fra
489 915 625 1016 scripto
642 913 872 1012 solempniter
888 911 1083 1012 stipulanti,
1102 923 1228 987 tencre
1246 921 1283 986 et
1299 907 1551 987 inviolabiliter
1566 920 1741 1012 perpetuo
1764 912 1975 1001 obseruare,
2000 907 2109 1009 qnid<

414 1017 501 1120 quid
526 1016 645 1093 dictrrs
671 1013 764 1092 dom.
791 1015 1090 1116 archiepiscopus
1116 1011 1165 1090 de
1192 1037 1374 1090 consensu
1399 1015 1569 1116 parcium,
1595 1013 1656 1088 rel
1680 1037 1747 1116 per·
1763 1014 1985 1090 amicabilem
2003 1013 2104 1088 unio·

414 1147 514 1212 nem,
556 1119 617 1196 vel
652 1119 685 1194 si
717 1127 842 1220 partes
874 1143 943 1193 nnn
980 1117 1232 1194 consenserint
1267 1118 1303 1192 in
1337 1119 1561 1195 amicabilem
1594 1117 1773 1210 unionem,
1810 1117 1905 1192 alias
1939 1114 1988 1193 de
2020 1121 2106 1214 jore

414 1223 559 1301 durent
597 1220 848 1314 ordinandum,
887 1220 1146 1312 diffiniendum,
1183 1221 1428 1315 statuendum,
1465 1218 1705 1298 arbitrandum
1745 1245 1811 1296 seu
1853 1217 2105 1311 decidendum,

415 1326 663 1417 addicientes,
709 1323 804 1424 quod
839 1327 872 1400 si
905 1325 1054 1402 alteranr
1084 1324 1243 1426 parcium
1281 1325 1522 1425 predictarum
1561 1337 1687 1402 contra
1717 1323 1981 1400 ordinacionem
2019 1345 2105 1424 pre·

415 1430 502 1510 dicti
534 1429 802 1530 archiepiscopi
835 1429 958 1506 venire
989 1429 1051 1505 vel
1083 1427 1337 1507 contrafacere
1367 1455 1434 1506 seu
1468 1453 1537 1504 non
1568 1453 1699 1529 parere
1731 1453 1872 1530 perse
1905 1427 1968 1504 rel
1999 1427 2104 1504 alium

414 1559 481 1612 seu
507 1534 602 1608 alios
626 1533 770 1634 publice
796 1533 856 1608 vel
889 1531 1010 1609 oculte
1040 1531 1248 1630 contigerit,
1282 1554 1426 1610 exnunc
1458 1543 1563 1635 prout
1588 1541 1723 1611 extunc
1749 1530 1847 1608 dicte
1872 1541 1998 1632 partes
2028 1554 2104 1604 mu-

414 1637 578 1714 niciones
623 1635 875 1736 infrascriptos
915 1637 999 1713 loco
1039 1645 1077 1712 et
1117 1636 1255 1712 nomine
1295 1637 1456 1739 pignoris
1499 1636 1580 1712 sive
1621 1661 1716 1736 pene
1752 1636 1820 1710 sibi
1859 1632 1908 1708 ad
1952 1634 2103 1710 invicem

413 1740 645 1842 solempniter
682 1738 901 1838 obligarunt,
940 1735 1132 1831 videlicet,
1172 1734 1268 1839 quod
1300 1741 1334 1816 si
1366 1738 1486 1818 dictus
1519 1737 1612 1814 dorn.
1646 1740 1843 1840 episeopus
1881 1748 2008 1814 contra
2044 1760 2104 1812 or-

413 1843 656 1934 dinacionem,
688 1841 959 1935 diffinicionem,
1002 1854 1188 1934 statutum,
1227 1843 1404 1920 arbitrium
1436 1869 1503 1920 serr
1544 1840 1766 1920 decisionem
1798 1839 2002 1940 hujusmodi
2034 1840 2103 1916 ali-

413 1947 567 2048 qualiter
595 1947 752 2037 venerit,
786 1970 929 2022 exnunc
960 1944 1055 2022 idem
1089 1946 1285 2046 episcopus
1323 1944 1465 2047 opidum
1504 1943 1636 2024 dictum
1670 1945 1942 2047 Cegynbals
1958 1946 1984 2035 ¹)
2023 1968 2102 2020 cunr

266 2055 270 2063 '
413 2051 586 2142 turribus,
619 2048 784 2126 districtu
816 2061 854 2125 et
885 2049 1118 2150 pertinenciis
1151 2050 1228 2124 suis
1261 2051 1421 2126 omnibns
1453 2050 1587 2150 posuit·
1602 2050 1637 2124 in
1664 2051 1826 2126 manibus
1858 2058 1896 2125 et
1920 2057 2104 2148 potestate

259 4235 287 4294 8.
303 4239 377 4310 Δις.

413 2163 657 2230 strennuorum
689 2153 854 2244 viroruru,
881 2151 1008 2228 Petri
1043 2149 1308 2228 Saudlronis
1344 2153 1462 2229 militis
1496 2164 1534 2230 ct
1557 2153 1777 2230 Jobarrrris
1811 2151 1860 2228 de
1885 2150 2100 2228 Waldow

415 2257 595 2358 capitanei
620 2266 716 2332 terre
733 2255 773 2330 N
778 2255 984 2355 ysensis,
1010 2256 1062 2330 ita
1087 2253 1182 2354 quod
1207 2253 1362 2356 predicti
1379 2257 1544 2333 Petrus
1572 2267 1610 2334 et
1625 2258 1651 2334 J
1659 2257 1856 2333 ohannes
1883 2280 1962 2332 cunr
1980 2255 2101 2358 opido,

413 2361 580 2451 nuribus
606 2357 769 2436 districtu
797 2373 834 2434 et
859 2359 1020 2434 omnibus
1046 2359 1278 2458 pertinenciis
1306 2361 1395 2446 suis,
1424 2358 1568 2461 opidani
1595 2371 1633 2436 et
1657 2360 1789 2436 vasalli
1815 2357 2008 2436 eorundem
2034 2357 2103 2436 de·

413 2463 500 2540 berrt
523 2475 726 2563 respectum
754 2463 891 2538 babere
916 2459 966 2536 ad
991 2460 1188 2562 predictur'rr
1216 2459 1344 2540 ducem
1371 2463 1620 2542 Conradum
1654 2475 1828 2564 tamqnam
1861 2489 1963 2538 suurn
1990 2461 2104 2539 domi-

413 2591 496 2640 num
521 2577 591 2642 tem
618 2565 763 2649 oralem
779 2575 816 2640 et
841 2565 910 2640 sibi
936 2565 1158 2666 promittere,
1192 2564 1380 2643 intendere
1406 2579 1444 2644 ct
1467 2567 1617 2644 obedire
1643 2566 1758 2669 opidi,
1790 2566 1952 2658 turrium,
1978 2564 2103 2642 distri-

414 2678 497 2747 ctus
522 2593 760 2769 predictorum
787 2669 935 2745 racione
961 2666 1105 2760 tamdiu,
1133 2667 1252 2746 donec
1276 2669 1462 2771 predictos
1489 2673 1685 2772 episcopus
1708 2669 1883 2762 ordinata,
1911 2668 2102 2770 disposita,

414 2769 569 2848 diffinita
593 2781 631 2847 et
655 2781 791 2847 statuta
815 2795 882 2872 per
931 2769 1104 2848 redictum
1130 2771 1224 2848 dom.
1251 2773 1563 2876 archiepiscopum
1581 2773 1838 2874 'adimpleverit
1852 2799 1931 2850 cnm
1957 2774 2100 2866 ellectu,

413 2875 593 2965 similiter,
626 2875 660 2950 si
686 2871 870 2975 predictus
897 2797 989 2950 dom.
1018 2873 1093 2950 dux
1119 2873 1352 2954 Corrradrrs
1384 2878 1525 2954 venerit
1557 2879 1617 2954 vel
1651 2875 1785 2978 aliquid
1818 2877 1948 2955 fecerit
1977 2887 2101 2954 contra

413 2975 695 3068 ordinacionem,
728 2975 998 3070 diffinicionem,
1033 2989 1220 3074 statutum,
1253 2981 1431 3056 arbitrium
1457 3007 1524 3058 serr
1551 2979 1802 3058 diffinicionem
1834 2979 2101 3082 archiepiscopi

413 3079 625 3183 sopradicti,
651 3105 794 3158 exnunc
820 3082 940 3182 posuit
966 3094 1122 3160 castrum
1149 3094 1186 3160 et
1212 3081 1353 3185 opidum
1379 3085 1744 3178 Wartenber02),
1779 3109 1858 3161 curu
1884 3111 1951 3162 sno
1978 3081 2101 3184 distri-

413 3195 474 3263 ctu
508 3195 546 3262 et
576 3184 737 3260 omnibns
767 3185 998 3285 pertinenciis
1032 3186 1110 3262 suis
1142 3187 1365 3264 inmanibus
1398 3197 1435 3264 et
1460 3199 1655 3290 potestate,
1669 3200 1913 3264 strennum-um
1937 3188 2101 3278 virorum,

411 3287 655 3387 Peregrini
680 3285 729 3364 de
754 3288 1057 3366 Wezenrburc
1090 3299 1128 3364 et
1153 3289 1429 3367 Wlodconis
1461 3290 1510 3368 de
1536 3293 1768 3382 lllezebor‚
1803 3293 1855 3368 ita
1885 3289 1982 3391 quod
2005 3287 2103 3368 idem

412 3391 693 3490 Peregrinus
720 3401 757 3468 et
780 3389 978 3468 Wlodoo
1006 3416 1084 3468 cum
1112 3391 1220 3494 opido
1246 3419 1293 3471 ac
1320 3405 1442 3471 castro
1469 3407 1507 3471 et
1532 3394 1709 3488 districtu,
1736 3393 1880 3495 opidani
1906 3407 1945 3472 et
1969 3393 2104 3470 vasalli

412 3491 864 3593 Wartenbergenses
892 3517 971 3570 cum
997 3495 1228 3595 pertinenciis
1254 3497 1331 3572 suis
1358 3495 1493 3574 debent
1518 3497 1568 3575 ad
1602 3497 1733 3575 dictum
1768 3496 1859 3576 dom.
1893 3495 2102 3598 episcopum

411 3595 550 3674 babere
574 3608 779 3697 respectum
805 3610 981 3695 tamquam
1007 3623 1108 3674 suurrr
1135 3597 1310 3676 dominnm
1334 3601 1564 3702 temporalem
1591 3613 1628 3678 et
1654 3603 1723 3678 sibi
1741 3603 1956 3700 promittere,
1983 3602 2101 3676 inten-

413 3695 504 3775 dere
536 3710 574 3776 et
605 3697 753 3776 obedire
785 3697 957 3776 dictorum
989 3699 1105 3802 opidi,
1142 3704 1254 3779 castri
1287 3714 1325 3780 et
1355 3702 1540 3782 districtus
1574 3705 1933 3804 Warteubergensis¹
1954 3704 2102 3782 racione

411 3800 565 3896 tamdiu,
601 3800 719 3880 donee
750 3801 938 3903 predictus
969 3801 1061 3880 dour.
1097 3802 1172 3880 dux
1204 3803 1440 3884 Conradu's
1467 3807 1649 3902 ordinata,
1684 3809 1874 3909 disposita,
1902 3817 2038 3884 statuta
2064 3819 2103 3884 et

322 3999 328 4020 ἢ
378 3957 380 3963 ,
412 3901 565 3984 diffinita
588 3931 654 4007 per
670 3906 981 4008 archiepiscopum
1006 3905 1241 3985 antedictum
1259 3907 1498 4010 adinpleverit
1514 3937 1592 3989 cum
1613 3915 1745 3990 ellectu
1759 3967 1787 3987 ..
1823 3911 1986 3990 Predien'
2010 3935 2104 4010 qno·

412 4032 483 4108 qne
508 4009 675 4086 Petrus
702 4007 890 4086 Sandlro
924 4021 961 4086 et
985 4012 1223 4090 Jobannes
1253 4011 1302 4090 de
1327 4012 1545 4094 Waldow
1576 4014 1660 4094 duci
1687 4014 1897 4095 Conrado
1922 4013 2102 4117 predicto,

410 4111 546 4212 prelati
569 4112 848 4212 Peregrinus
875 4123 913 4190 et
937 4113 1141 4192 Wlodlro
1168 4115 1286 4194 cidem
1313 4115 1405 4194 dom.
1434 4120 1609 4222 episcopo
1635 4145 1706 4196 una
1732 4145 1811 4197 cunr
1837 4117 2003 4220 opidanis
2020 4119 2105 4220 opi-

412 4211 547 4308 dorum,
575 4225 697 4296 castro
724 4225 762 4292 et
785 4216 939 4294 vasallis
964 4215 1186 4296 districtuum
1211 4219 1448 4321 predictorum
1465 4221 1715 4324 homagIaliter
1737 4223 1942 4326 promittere
1968 4220 2107 4300 debent

411 4315 506 4393 insra
536 4319 732 4418 proximum
764 4316 858 4395 diem
891 4331 1095 4397 sanctorum
1127 4321 1276 4425 (lyr-iaci
1311 4334 1349 4401 et
1381 4325 1558 4403 sociorum
1590 4332 1691 4428 ejus,
1725 4323 1921 4404 seeundum
1953 4325 2106 4402 formam

413 4420 580 4522 superius
606 4431 820 4498 annotatam.
880 4420 982 4532 ldem
1014 4449 1103 4500 vero
1136 4427 1316 4527 capitanei
1349 4453 1417 4504 non
1445 4427 1579 4508 debent
1610 4431 1735 4506 motari
1760 4453 1827 4507 seu
1854 4428 1999 4532 deponi,
2031 4431 2107 4506 nisi

412 4521 510 4599 illins
535 4521 664 4602 domini
689 4524 874 4608 voluntate
900 4537 938 4602 et
964 4551 1121 4604 assensn
1148 4529 1206 4606 cui
1231 4531 1471 4630 pronriserirrt3
1506 4535 1608 4609 etsi
1642 4533 1771 4634 aliquis
1796 4533 1859 4611 vel
1890 4533 1999 4633 aliqui
2024 4559 2108 4610 mo-

413 4635 576 4702 rerentur
601 4649 651 4703 ex
676 4625 826 4719 eisdem,
853 4651 923 4704 non
949 4627 1084 4707 debent
1108 4631 1169 4708 alii
1194 4633 1340 4728 institui,
1367 4635 1435 4711 nisi
1461 4635 1621 4714 similiter
1645 4639 1753 4732 illius,
1781 4639 1839 4716 oui
1864 4637 2107 4739 promiserint,

414 4783 716 4801 *ro—.-

459 4859 493 4940 1)
521 4857 772 4959 Ziegenlrals,
798 4865 860 4931 SO.
881 4863 940 4954 2ss
960 4866 1004 4931 M.
1026 4889 1089 4934 ron
1109 4869 1228 4935 Neisse.

458 4943 493 5026 ἱ)
521 4939 1010 5041 Polnrseh-Wartenberg.
