4594 5774
409 509 486 588 29⁰
1013 511 1225 587 Urbanum.
1281 509 1486 584 oebxlx.

411 719 478 794 bus
504 715 660 817 ipsorum
686 713 745 790 vel
771 713 863 812 ipsis
890 713 1040 812 injurias
1065 711 1217 811 irrogari
1243 723 1305 786 aut
1329 723 1517 814 postquam
1542 711 1613 812 ipsi
1631 711 1691 788 vel
1720 711 1829 812 aliqui
1855 712 2011 813 ipsorum
2038 737 2103 788 uo-

410 821 467 896 bis
485 819 616 921 spolia,
634 817 834 909 molestias,
861 815 1011 915 injurias
1031 827 1068 892 et
1093 813 1387 916 perturbat-iones
1413 816 1567 916 ipsorum
1594 815 1832 891 intimaverint
1858 841 1882 890 a
1908 816 2012 890 nobis
2037 839 2104 891 au-

410 924 532 998 xilinm
557 920 802 1022 postulantes,
837 920 1006 1020 exceptis
1031 916 1217 994 dumtaxat
1248 918 1444 992 illustribus
1470 919 1700 1019 principibus,
1728 917 1880 994 dominis
1906 919 2105 998 Henrioo

411 1023 692 1104 Jaworiensi
719 1033 761 1099 et
782 1021 991 1098 Bolkone
1018 1019 1346 1123 Swydnicensi
1373 1019 1538 1112 ducibus,
1567 1035 1693 1098 contra
1710 1045 1800 1122 quos
1824 1021 1859 1096 in
1878 1023 1984 1098 terris
2001 1023 2104 1124 ipso-

413 1157 488 1206 rum
515 1125 666 1205 eortdem
694 1125 868 1201 dominum
902 1126 1122 1226 episcopum,
1149 1123 1346 1203 ecclesiam
1381 1137 1418 1202 et
1444 1126 1636 1227 capitulum
1661 1127 1797 1201 Wrat.
1824 1124 2012 1226 predictos
2038 1151 2105 1202 non

415 1232 609 1312 tenebimur
634 1229 823 1330 adjuvare,
850 1229 919 1304 nisi
945 1229 1096 1304 forsitan
1123 1228 1229 1305 iidem
1256 1227 1374 1307 duces
1398 1230 1515 1330 ipsum
1539 1227 1633 1304 dom.
1662 1230 1882 1330 episcopum,
1909 1230 2104 1306 eeclesiam

414 1339 474 1413 vel
501 1334 693 1437 capitulum
718 1334 753 1408 in
781 1333 885 1407 bonis
918 1333 1189 1509 episcopalibus
1223 1333 1386 1410 ecclesie
1417 1355 1484 1409 son
1512 1333 1658 1433 capituli
1684 1335 1718 1406 in
1745 1331 1879 1409 ducato
1904 1334 2105 1408 Wratis-

414 1439 615 1516 laniensi
642 1462 708 1514 seu
735 1435 902 1512 interris
956 1459 1057 1511 ocnm
1084 1435 1229 1511 aliorum
1256 1446 1480 1538 patronorum
1507 1461 1554 1513 ac
1578 1447 1775 1512 nostrorum
1792 1437 2009 1512 vasallorum
2027 1437 2106 1512 sitis

414 1545 623 1646 perturbare
649 1540 798 1616 forsitan
827 1553 1060 1630 conarentur,
1093 1551 1176 1617 tnnc
1204 1539 1397 1642 episcopo,
1432 1540 1596 1618 ecclesie
1630 1551 1668 1616 et
1699 1540 1857 1642 capitulo
1887 1539 2105 1642 supradictis

415 1659 541 1724 contra
567 1642 684 1721 doces
711 1641 858 1720 eosdem
887 1639 936 1718 ad
959 1640 1190 1744 prestandum
1218 1643 1274 1720 eis
1306 1643 1475 1718 mrxilinm
1501 1643 1665 1720 volumus
1696 1643 1847 1744 obligari
1862 1645 1901 1734 ¹).
1957 1645 2105 1746 lnsupor

414 1751 607 1852 episcopo,
640 1747 806 1824 ecclesie
833 1759 870 1823 ct
895 1745 1053 1848 capitulo
1087 1748 1291 1824 memoratis
1323 1747 1554 1848 promittimus
1587 1745 1797 1838 bonafide,
1832 1744 1927 1848 qood
1952 1773 2020 1824 nos
2046 1759 2105 1824 aot

414 1851 577 1929 dominns
605 1907 614 1924 .
644 1907 652 1924 .
681 1852 822 1949 genitor
846 1861 971 1926 noster
995 1851 1222 1952 episcopum,
1255 1851 1460 1928 ecclesiam
1479 1862 1517 1926 ct
1543 1851 1734 1952 capitulum
1761 1874 1808 1927 ac
1835 1851 1969 1927 elemm
1995 1875 2104 1929 secu·

413 1958 525 2034 larem
558 1955 716 2032 civitatis
748 1966 786 2030 et
816 1951 993 2054 dyocesis
1019 1956 1156 2029 Wrat.
1191 1978 1330 2030 necnon
1357 1977 1591 2056 quoscunque
1624 1955 1754 2056 laycos
1789 1978 1908 2030 comm
1942 1953 2105 2031 subditos

414 2062 449 2136 in
476 2059 578 2136 bonis
604 2058 768 2137 ecclesie
799 2057 1044 2133 consistentes
1077 2058 1172 2133 nullo
1206 2083 1356 2157 unqnom
1388 2071 1549 2159 tempore
1580 2059 1860 2158 aggravabimus
1894 2059 2105 2137 exaccioni-

415 2167 501 2258 bns,
528 2162 655 2254 talliis,
684 2161 941 2253 solucionibus,
968 2160 1149 2250 collectis,
1176 2162 1415 2262 peticionibus
1440 2162 1681 2263 pecuniarum,
1708 2162 1918 2253 animalium,
1946 2185 2105 2238 annona·

414 2293 500 2359 rum,
528 2267 747 2358 servitutum,
774 2277 998 2340 vecturarum
1023 2263 1084 2340 vcl
1111 2264 1257 2339 aliarum
1284 2266 1507 2363 angariorum
1533 2291 1599 2342 seu
1617 2265 1920 2366 perangariarom,
1946 2290 2106 2366 quocon-

415 2396 485 2472 qnc
517 2381 735 2448 censeantur
769 2367 925 2458 nomine,
959 2379 1021 2442 aot
1052 2365 1296 2444 descensibus
1323 2368 1381 2444 vel
1417 2369 1641 2446 stacionibus
1674 2367 1724 2444 ad
1757 2369 1867 2444 villas
1901 2379 1939 2446 et
1972 2367 2107 2445 allodia

415 2473 592 2576 episcopi,
620 2472 766 2573 capituli
794 2485 831 2548 et
857 2469 1022 2548 ecclesie
1047 2469 1299 2572 predictorum,
1327 2470 1397 2548 sed
1416 2476 1528 2571 juxta
1553 2472 1817 2574 privilegiorum
1835 2496 1977 2547 snorum
2002 2483 2107 2550 teno-

415 2601 478 2652 res
509 2577 602 2676 ipsis
627 2577 674 2656 in„
696 2575 766 2648 hiis
793 2573 939 2676 scriptis
971 2599 1115 2666 meram,
1145 2575 1287 2676 plenam
1313 2585 1351 2652 ct
1377 2573 1609 2652 omnimodam
1636 2573 1869 2664 concedimus
1894 2575 2105 2654 libertatem.

415 2679 457 2754 ln
484 2703 627 2778 quorum
654 2677 801 2754 omnium
826 2679 1063 2753 testimonium
1089 2689 1126 2754 et
1151 2679 1258 2754 robur
1288 2688 1463 2780 perpetuo
1488 2677 1675 2754 valiturum
1708 2689 1900 2780 presentes
1928 2680 2106 2758 conscribi

417 2793 455 2859 et
486 2780 707 2882 appensione
741 2781 851 2879 sigilli
884 2782 995 2855 nostri
1025 2782 1189 2884 volumus
1225 2783 1428 2859 coomnniri.
1507 2785 1639 2861 Actmn
1673 2794 1712 2859 et
1736 2780 1856 2858 datum
1883 2784 2036 2876 Wrat.,
2067 2784 2104 2858 in

416 2896 552 3065 octadva
577 2912 608 2958 s.
634 2881 812 2962 Johannis
846 2884 1021 2985 baptiste,
1055 2909 1090 2961 a.
1118 2883 1212 2962 dom.
1238 2885 1426 2964 millesimo
1456 2887 1711 2964 trecentesimo
1737 2883 2014 2986 quadragesimo
2039 2910 2103 2964 se-

416 3011 484 3066 cun
513 3013 557 3064 o.·

462 3315 495 3390 l)
522 3310 583 3374 Die
606 3309 748 3400 Hemoge
769 3307 922 3373 lleimicb
945 3333 1006 3374 von
1020 3312 1116 3374 lauer
1136 3307 1203 3374 und
1219 3307 1320 3376 Bello
1342 3333 1404 3376 von
1419 3310 1632 3376 Schweidnitz
1646 3255 1753 3378 waren
1768 3311 1820 3378 die
1834 3311 1980 3404 einzigen
1995 3309 2108 3378 Schle-

523 3395 646 3458 sischen
660 3393 802 3472 Fiirsten,
823 3391 943 3458 welche
965 3393 1049 3460 noch
1071 3393 1160 3459 nicht
1181 3393 1291 3460 hatten
1312 3396 1466 3487 bewogen
1481 3395 1610 3461 werden
1632 3397 1772 3471 idoneo,
1795 3395 1942 3462 Vasallen
1964 3397 2020 3463 des
2035 3397 2108 3464 Kb·-

523 3480 595 3568 nigs
615 3499 677 3542 uon
699 3478 850 3577 Bdbmen'
864 3503 904 3542 zu
925 3477 1222 3578 werdemmesholb
1244 3477 1326 3544 Kanl
1348 3479 1549 3584 de1·Kirche
1571 3479 1687 3546 leineu
1708 3481 1825 3548 Schuta
1847 3483 1881 3546 in
1903 3481 2001 3548 deren
2024 3483 2108 3548 Lan-

525 3559 1681 3734 &tillidi-§tilliditalittttltlitttlbssiill‘¹³²²
1696 3564 1824 3632 ⁸m⁸¹⁸⁰
1847 3567 1912 3632 ‘¹¹¹⁶
1933 3567 1996 3633 ‘¹⁰¹¹
2017 3568 2107 3633 Μ’
