4594 5774
1032 529 1244 606 urinas
1289 529 1505 604 OGLXXV.

1138 833 1405 924 CCLXXV.

399 1031 547 1108 ,som
574 1027 666 1104 lorti
686 1041 742 1092 ron
763 1027 901 1100 lunum,
929 1025 1076 1102 berttttst
1097 1025 1145 1089 tta
1167 1025 1346 1104 numium
1372 1025 1431 1088 uad
1457 1023 1653 1102 Ιοιιιιιιςιι
1675 1025 1727 1088 nr
1748 1024 1904 1091 irritatur
1925 1021 2038 1098 nmio.
2063 1023 2122 1086 ut

473 1133 631 1212 gorumi.
653 1129 806 1192 lonrrtc
829 1129 861 1188 lu
882 1127 985 1190 boner
1006 1143 1043 1190 ιι
1065 1128 1239 1192 baruchae
1260 1127 1368 1190 irritu
1391 1129 1450 1190 ul
1471 1127 1574 1188 bomar
1595 1128 1628 1188 Ιι
1648 1127 1803 1190 lanaria
1828 1143 1865 1192 ιι
1886 1127 2079 1192 renum».

423 1285 482 1336 Αιι
498 1283 557 1336 doru
574 1281 707 1349 (triginta
723 1281 758 1332 in
774 1281 891 1332 melina
909 1281 957 1330 dar
974 1279 1159 1346 Doneapttalr,
1176 1279 1208 1332 c.
1225 1273 1268 1330 ii.
1303 1277 1358 1328 liar
1375 1277 1550 1345 Mmtagel
1567 1279 1617 1330 dar
1632 1277 1749 1346 nugs,
1771 1291 1826 1330 rau
1847 1279 1972 1332 webre-
1990 1277 2115 1342 wacho,

836 1367 882 1418 urit
899 1367 984 1418 einen
1001 1367 1175 1432 umiegal,
1198 1367 1281 1434 ltingt
1299 1377 1332 1416 ιι
1349 1365 1453 1432 grinon
1471 1365 1598 1430 ιιίᾱμιιι
1615 1364 1715 1418 riusa

290 1549 367 1616 1³⁴⁵.
421 1593 442 1634 .
532 1536 604 1628 ¹)ln
629 1537 767 1614 nomine
793 1535 924 1616 domini
949 1561 1064 1615 amen.
1116 1535 1201 1614 Nos
1226 1533 1481 1627 Johannes,
1515 1530 1551 1610 d.
1579 1557 1632 1632 gr.
1658 1557 1727 1610 rex
1759 1533 1961 1628 Boemie,
1996 1556 2117 1612 comes

268 1621 397 1691 ΜΨ
422 1641 855 1741 Lucembnrgensis‚
889 1638 966 1716 dux
1000 1638 1162 1718 Slezie
1196 1664 1243 1718 ac
1275 1635 1369 1714 dom.
1402 1635 1836 1732 Wratirlauiensis‚
1870 1635 2049 1714 universis
2081 1649 2117 1712 et

424 1745 576 1845 singulis
602 1755 795 1846 presentes
821 1745 948 1821 literas
974 1745 1192 1848 inspecturis
1219 1743 1382 1820 volumus
1416 1766 1505 1818 esse
1537 1751 1675 1834 notum,
1710 1737 1806 1840 quod
1830 1739 2118 1818 animadverten-

423 1861 483 1926 tes
507 1848 739 1952 perpensius,
772 1846 981 1948 quodlicet
1012 1849 1163 1924 omnium
1195 1847 1330 1949 pionrm
1355 1869 1501 1948 operum
1526 1844 1725 1920 altissimus
1751 1845 1799 1922 sit
1833 1846 2040 1938 retributor,
2072 1867 2118 1920 ea

423 1965 542 2028 umen
569 1975 639 2052 ιιι
665 1949 714 2028 cd
740 1950 851 2028 divini
877 1951 996 2028 cultus
1021 1951 1108 2026 finiit
1134 1963 1361 2050 augmentum
1386 1949 1422 2025 iu
1448 1947 1742 2028 remuneracione
1767 1946 1865 2052 apud
1898 1951 2014 2051 ipsum
2039 1959 2118 2024 sunt

310 2147 314 2156 ,
449 2055 598 2157 recipua
624 2065 661 2132 et
687 2055 824 2156 priora,
859 2056 904 2130 ob
931 2056 1177 2134 reverenciam
1207 2053 1268 2132 dei
1296 2063 1333 2130 et
1359 2063 1563 2132 sanctorum
1588 2052 1767 2132 Jcbauuis
1801 2053 1956 2155 baptiste
1989 2062 2027 2130 et
2050 2054 2117 2130 Jo-

423 2081 552 2236 bannis
576 2157 832 2258 ewangeliste,
860 2157 1268 2238 Wratislauiensis
1295 2156 1459 2238 ecclesie
1485 2167 1727 2258 patronorum,
1755 2181 1846 2258 quos
1871 2156 2027 2259 speciali
2052 2153 2118 2232 de·

423 2263 577 2340 racione
604 2261 783 2340 sincerius
808 2283 1031 2354 veneramur,
1058 2262 1176 2338 omnia
1201 2273 1239 2338 et
1265 2259 1409 2359 singula
1432 2261 1635 2362 privilegia,
1663 2261 1824 2362 gracias,
1856 2259 2046 2338 libertates
2070 2281 2116 2336 ac

422 2363 676 2465 indulgencias
701 2389 768 2467 per
794 2388 1025 2466 quoscunque
1053 2419 1093 2440 ..
1120 2361 1237 2441 duces
1255 2361 1417 2440 Slemie
1444 2375 1482 2440 et
1507 2361 1670 2442 dominos
1688 2365 2115 2454 Wratislauienses,

427 2524 466 2542 ..
494 2469 645 2546 comites
672 2480 709 2545 et
735 2469 891 2546 barones
917 2465 1206 2569 predecessores
1231 2477 1376 2544 nostros
1402 2465 1533 2546 ibidem
1560 2479 1598 2546 et
1622 2493 1689 2572 per
1713 2479 1870 2544 nostram
1887 2469 2026 2568 regiam
2042 2491 2117 2544 ιιι-

420 2579 595 2672 jestatem
622 2625 662 2646 ..
688 2568 830 2646 dominc
858 2623 897 2648 ..
925 2572 1100 2674 episcopo
1129 2627 1169 2646 ..
1198 2571 1355 2674 capitulo
1382 2581 1420 2650 et
1440 2571 1539 2650 clero
1557 2571 1967 2650 Wratislaniensis
1993 2571 2118 2650 eccle·

425 2674 482 2752 sie
510 2697 715 2752 concessas
742 2684 780 2751 et
804 2673 912 2752 datar
939 2700 1008 2751 sen
1035 2697 1219 2752 concessa
1245 2687 1283 2754 et
1310 2673 1399 2754 data
1422 2685 1524 2752 ratas
1552 2687 1590 2754 et
1614 2687 1742 2777 gratas
1768 2699 1836 2754 seu
1854 2687 1935 2753 rata
1960 2687 1998 2754 et
2014 2686 2118 2778 grata

424 2775 616 2870 hebentes,
645 2801 712 2852 eas
739 2787 777 2854 et
803 2803 861 2872 ea,
889 2783 1136 2878 cujuscunque
1163 2779 1387 2856 continencie
1415 2789 1452 2856 et
1477 2779 1612 2856 tenoris
1648 2781 1826 2874 existunt,
1858 2778 2117 2880 recongnosci·

424 2903 521 2973 mus,
554 2881 781 2974 innovamus,
817 2883 1055 2982 approbamus
1083 2893 1121 2958 et
1145 2881 1392 2960 nichilominus
1418 2905 1470 2961 ex
1494 2894 1620 2958 nostra
1645 2895 1749 2960 certa
1776 2883 1941 2962 sciencia
1966 2907 2117 2985 presen-

424 2983 520 3060 tibus
546 2983 810 3078 confirmamus,
841 3009 957 3086 ymmo
992 2985 1108 3064 eciam
1134 3010 1277 3066 exnunc
1313 2983 1363 3062 de
1388 3009 1482 3062 noro
1508 2983 1557 3064 de
1583 2987 1805 3088 benignitate
1838 2989 1943 3087 regia
1966 2985 2117 3090 prolatu

425 3085 519 3164 dom.
545 3087 719 3188 episcopo
746 3099 784 3166 et
810 3088 986 3190 capitulo,
1023 3089 1122 3168 clero
1150 3099 1187 3167 et
1212 3089 1454 3190 singularibus
1480 3089 1647 3191 personis
1675 3091 1840 3170 ecclesie
1865 3089 2116 3168 Wratisla·

424 3190 620 3282 niensis,
653 3189 887 3292 dignitatibus
919 3194 1241 3295 personatibusque
1275 3191 1441 3294 ejusdem
1475 3193 1698 3271 inomnibus
1725 3195 1827 3272 bouis
1854 3215 1990 3288 eorum,
2022 3193 2117 3269 villis

425 3305 463 3370 et
489 3292 635 3370 allodiis
670 3318 749 3371 cunr
782 3295 860 3370 suis
893 3295 1125 3396 pertinenciis
1157 3308 1196 3372 et
1221 3297 1432 3398 specialiter
1458 3308 1496 3374 et
1520 3297 1721 3374 nominatim
1747 3305 1786 3372 ia
1811 3305 1912 3374 villis
1937 3305 2115 3397 episcopi,

423 3395 599 3474 videlicet
629 3397 819 3490 Κήιοι,
860 3395 1048 3474 Swantb
1089 3399 1150 3477 vel
1192 3399 1608 3501 Bisscholsdorph‚
1647 3401 1831 3494 Turcw,
1872 3399 2116 3478 Radasko-

424 3499 547 3576 wien
580 3499 661 3576 sire
686 3498 942 3600 Bislnupicc
977 3511 1015 3576 et
1043 3501 1187 3604 Jelyn
1220 3513 1258 3580 et
1291 3511 1330 3578 iu
1355 3512 1454 3582 villis
1481 3511 1655 3603 capituli,
1688 3505 1834 3585 scilicet
1858 3503 2048 3606 Repelin
2078 3514 2117 3581 et

426 3599 718 3680 Czrrchalicz
745 3611 783 3678 et
807 3601 896 3678 villa
921 3657 959 3680 ..
982 3613 1179 3704 prepositi,
1205 3604 1420 3686 Oltaczin
1446 3618 1484 3684 et
1508 3607 1598 3684 villa
1623 3659 1663 3684 ..
1691 3613 1845 3706 decani,
1871 3607 2117 3686 Mocbobor

428 3703 594 3784 ecclesie
621 3701 805 3782 antedicte
829 3729 963 3786 meram
979 3707 1121 3810 plenam
1142 3721 1180 3788 et
1205 3709 1438 3791 omnimodam
1457 3711 1492 3788 iu
1516 3709 1587 3788 biis
1606 3711 1753 3814 scriptis
1777 3711 1975 3790 liberaliter
1998 3710 2116 3788 diriue

427 3805 731 3886 remuneracionis
757 3809 802 3887 ob
828 3821 1033 3914 respectum
1059 3809 1250 3910 donaums,
1280 3815 1450 3916 largimur
1466 3825 1505 3892 et
1521 3813 1754 3896 concedimus
1773 3815 1984 3908 libertatern,
2010 3812 2116 3892 nicbil

427 3911 567 3988 omniuo
592 3911 696 3988 nobis
720 3914 924 4016 nostrisque
946 3914 1143 3998 heredibus
1168 3931 1206 3997 et
1230 3920 1522 4011 successoribus,
1543 3921 1657 4020 juris,
1684 3917 1954 4018 jurisdicionis‚
1981 3941 2115 3996 census

425 4025 488 4090 ant
514 4013 699 4091 servitutis
715 4011 892 4121 deinceps
906 4033 1151 4100 reservantes.
1185 4025 1364 4100 Preterea
1377 4020 1426 4100 de
1441 4023 1578 4126 pietate
1591 4023 1697 4124 regia
1710 4023 1882 4123 graciose
1896 4022 2060 4100 sanemus
2078 4031 2115 4098 et

427 4115 661 4196 concedimus
679 4115 772 4195 dom.
791 4121 977 4225 episcopo,
1005 4125 1163 4227 capitulo
1182 4138 1219 4203 et
1236 4125 1479 4227 singularibus
1495 4129 1666 4229 personis
1680 4127 1822 4202 Wrat.
1841 4125 2005 4204 ecclesie
2029 4149 2113 4228 pre·

426 4219 536 4298 dictis
563 4232 601 4298 et
625 4225 916 4320 successoribus,
944 4227 1003 4327 qui
1027 4253 1091 4330 pro
1117 4239 1278 4332 tempore
1305 4231 1436 4308 luerint
1461 4229 1665 4326 eorundem,
1692 4236 1789 4330 quod
1813 4259 1883 4305 aaa
1909 4235 2052 4306 allodia
2078 4234 2114 4302 in

427 4331 537 4399 terris
562 4333 696 4401 noscis
720 4333 805 4417 situ,
828 4355 900 4429 pro
922 4343 1034 4430 perte
1061 4337 1121 4407 vel
1147 4339 1185 4406 ia
1211 4345 1292 4422 toto,
1319 4341 1358 4408 in
1382 4341 1493 4409 villus
1518 4339 1776 4410 Tbeutunicali
1801 4336 1895 4431 jare
1928 4339 2054 4408 locare
2079 4343 2114 4406 ei

426 4455 613 4526 exponere
641 4442 678 4503 et
702 4457 723 4504 e
749 4459 921 4507 converso
947 4439 1058 4510 uillas
1083 4441 1122 4509 in
1147 4442 1292 4511 allodia
1318 4442 1496 4538 redigere
1521 4453 1588 4512 aul
1612 4443 1794 4514 reducere
1817 4441 1960 4535 possint
1984 4445 2023 4512 el
2046 4457 2112 4508 va·

425 4527 543 4622 leant,
578 4541 682 4632 prout
707 4531 800 4634 ipsis
825 4535 885 4612 vel
913 4559 1033 4612 eorum
1058 4537 1168 4615 alicui
1194 4535 1372 4642 expedire
1397 4539 1577 4616 ridebitur
1625 4563 1665 4616 ro
1692 4563 1759 4616 sue
1784 4539 1883 4616 libito
1908 4537 2111 4628 voluntatis,
2258 4623 2259 4626 a

426 4629 477 4706 ita
501 4643 631 4728 tamen,
659 4633 766 4736 quod,
794 4636 874 4715 sive
899 4638 986 4716 ville
1014 4664 1064 4717 ex
1081 4637 1226 4719 allodiis
1253 4653 1316 4720 aut
1341 4642 1479 4721 allodia
1504 4667 1553 4720 ex
1596 4642 1605 4661 '
1635 4641 1668 4718 ‘s
1694 4642 1795 4722 lacte
1821 4667 1889 4720 seu
1914 4639 2016 4722 facta
2030 4639 2111 4716 sue·

471 4901 503 4978 ι)
531 4897 592 4964 Die
612 4901 782 4972 Abdriiclre
803 4909 857 4974 bei
877 4909 981 5004 Liiuig
1001 4910 1068 4978 und
1090 4910 1331 5002 Summersberg
1351 4909 1424 4978 sind
1445 4911 1518 4978 selu
1539 4911 1745 5006 muugelhati,
1766 4933 1861 5007 sogor
1880 4917 1939 4980 mit
1959 4909 2108 4998 {alschem

531 4981 625 5050 lubre
646 4987 704 5056 der
723 4991 932 5087 Aumtellung.
