4594 5774
411 531 489 610 168
998 525 1208 600 Urteadaa
1264 525 1516 598 maxum.

413 737 570 816 divinam
596 727 873 810 misericordiam
898 729 1003 808 bonis
1028 729 1196 834 operibns
1223 729 1407 831 consequi,
1435 739 1474 806 et
1496 727 1658 832 paternis
1755 729 1873 806 ientes
1893 754 1965 831 pas
1981 728 2097 806 vesti·

302 830 309 845 “
413 843 485 944 giis
512 841 692 928 inherere,
727 860 791 928 ea,
818 859 887 936 que
913 859 980 938 per
1003 835 1054 910 ill.
1081 833 1275 936 principem
1301 831 1394 910 dom.
1421 753 1843 926 Conradumfbdrina
1865 830 2099 934 providencia

412 945 535 1024 felicis
561 939 828 1019 recordacionis
854 963 900 1016 ac
926 939 987 1040 pic
1012 939 1179 1015 memorie
1204 936 1381 1038 qnondam
1406 935 1534 1016 docem
1560 935 1737 1028 Slesie,
1768 947 1905 1039 patrem
1931 947 2097 1030 nostrum,

412 1050 449 1126 in
475 1043 847 1146 recompensacionem
873 1043 1004 1142 jurium
1037 1039 1254 1144 quorundam
1281 1041 1498 1118 venerabilis
1530 1039 1663 1166 patris,
1699 1037 1793 1118 dom.
1820 1039 2008 1164 Tbome,
2041 1039 2098 1117 di·

413 1148 945 1354 dtlllltffltssbfftt
969 1145 2099 1353 1110111111111111111111011113

413 1371 510 1437 mata
540 1357 637 1434 villis
671 1367 709 1433 et
734 1355 932 1431 bominibus
963 1355 999 1430 in
1027 1355 1083 1432 eis
1109 1353 1349 1431 existentibus
1376 1350 1568 1430 eorundem
1594 1365 1694 1444 suot,
1725 1363 1766 1428 ut
1795 1353 1901 1453 vigor
1980 1352 2099 1430 uitab‘s

414 1465 530 1564 exigit
555 1473 592 1538 et
618 1457 705 1537 ordo
733 1459 942 1562 expostulat
966 1457 1134 1550 racionis,
1161 1459 1266 1562 ipsas
1292 1455 1515 1534 donaciones
1540 1457 1740 1533 libertatum
1764 1455 1942 1556 largiente
1985 1457 2098 1533 omino

412 1593 477 1672 pro
496 1567 615 1642 salute
632 1573 756 1642 nostra
781 1575 819 1639 et
844 1563 960 1640 anime
984 1563 1223 1666 progenitoris
1249 1562 1361 1639 nostri
1386 1573 1466 1638 rota
1491 1571 1529 1638 01
1553 1571 1660 1660 grato
1685 1561 1922 1664 recipientes,
1954 1562 2098 1664 promit·

412 1671 517 1748 timos
544 1667 618 1746 fide
644 1666 733 1745 data
757 1693 821 1768 pro
848 1669 951 1744 nobis
978 1681 1015 1744 et
1040 1666 1320 1746 successoribus
1346 1667 1479 1742 nostris
1503 1677 1751 1758 manutenere,
1782 1666 1950 1742 volentes
1976 1675 2015 1744 et
2039 1689 2098 1743 re·

412 1775 626 1852 nunciantes
653 1767 791 1849 eisdem
817 1772 852 1848 in
877 1783 986 1847 totum
1012 1795 1076 1874 pro
1101 1771 1209 1846 nobis·
1231 1781 1269 1847 et
1293 1770 1352 1870 qui
1377 1769 1481 1846 uobis
1507 1769 1758 1848 successerint
1782 1769 1852 1845 biis
1878 1769 2098 1846 omnibnsin

412 1879 483 1956 biis
509 1876 656 1980 scriptis
680 1877 901 1952 inconcussa
925 1885 1050 1953 tenere
1076 1887 1114 1951 et
1138 1874 1388 1950 inviolabiliter
1419 1875 1616 1950 observare
1642 1897 1712 1950 neo
1745 1899 1896 1974 unquam
1921 1873 2098 1974 aliquate-

413 2009 481 2058 nus
508 1980 756 2059 contravenire
781 1981 849 2054 snb
875 2003 988 2080 pena,
1024 2003 1094 2079 qne
1124 1980 1160 2054 in
1192 1977 1304 2053 nostri
1354 1977 1569 2077 rogenitoris
1603 1987 1641 2053 et
1671 1977 1785 2078 patris
1810 1975 1964 2080 predicti
1989 1976 2100 2054 incliti

412 2086 585 2190 principis
618 2083 712 2160 dom.
740 2079 961 2174 Conradi,
996 2079 1032 2158 d.
1065 2106 1119 2181 gr.
1153 2080 1259 2158 ducis
1285 2004 1531 2181 Glogonie,
1565 2083 1633 2156 sub
1666 2081 1787 2181 sigillo
1820 2081 1934 2157 'sius
1959 2081 2099 2184 plonius

415 2191 624 2268 continetur.
679 2186 833 2278 Quorum
859 2185 1122 2288 privilegiorum
1147 2195 1306 2260 tenorem
1331 2183 1381 2262 de
1406 2185 1518 2261 verbo
1543 2182 1593 2259 ad
1618 2186 1764 2261 verbum
1864 2197 2023 2262 eternam
2047 2184 2098 2263 rei

413 2295 614 2372 memoriam
644 2301 683 2368 et
713 2291 819 2366 robur
848 2300 1056 2392 perpetuom
1090 2287 1318 2391 presentibus
1344 2289 1477 2364 nostris
1507 2288 1637 2365 litteris
1669 2287 1835 2366 (10010000
1860 2285 2099 2382 inserendum,

415 2399 474 2499 qui
499 2397 584 2474 talis
610 2407 686 2472 est:

518 2551 559 2626 ln
585 2549 724 2626 nomine
750 2543 880 2622 domini
905 2570 1021 2624 amen.
1072 2545 1136 2623 Ne
1162 2545 1263 2624 lacta
1287 2545 1447 2646 legitime
1472 2571 1539 2648 per
1564 2571 1705 2624 cursum
1729 2547 1935 2626 srrccessivi
1960 2558 2099 2651 tempo·

415 2653 532 2732 risio
567 2649 707 2728 dubium
732 2651 879 2732 ueniant
909 2649 971 2728 vel
996 2651 1202 2742 obscurum,
1238 2675 1305 2726 nos
1332 2647 1591 2744 conradus,
1623 2649 1660 2726 d.
1687 2675 1742 2752 gr.
1769 2650 1845 2727 dux
1870 2650 2009 2745 Slcsie,
2033 2676 2098 2727 no·

415 2771 486 2836 tum
514 2755 743 2833 facimus...
771 2755 847 2852 (Es
873 2753 966 2856 solgt
990 2780 1058 2829 nun
1083 2753 1250 2832 wortlicb
1275 2751 1335 2832 die
1360 2752 1604 2854 vollstandige
1621 2753 1796 2833 Urknnde
1819 2782 1899 2832 vom
1931 2757 1988 2832 13.
2003 2756 2096 2832 1100.

418 2863 538 2954 1253,
574 2857 721 2938 welche
750 2857 785 2934 in
820 2855 886 2934 der
916 2855 1313 2959 Urknndensammlnng
1344 2884 1410 2934 cnr
1442 2856 1668 2936 Gescbichte
1702 2857 1771 2937 des
1796 2859 2002 2962 Ursprungs
2030 2855 2095 2936 der

417 2963 550 3046 Stadte
576 2990 610 3038 n.
630 2991 662 3040 s.
680 2989 731 3040 w.
764 2963 799 3038 in
826 2960 1022 3039 Schlesieu
1049 2988 1083 3038 u.
1108 2989 1140 3038 s.
1167 2989 1231 3056 w.‚
1259 2963 1308 3038 N.
1336 2963 1399 3052 tt,
1427 2960 1469 3039 S.
1495 2963 1572 3038 330
1598 2963 1727 3064 steht.)

520 3067 573 3146 Et
597 3065 747 3144 alterius
771 3065 961 3244 privilegii,
987 3063 1083 3168 quod
1107 3065 1256 3142 inferius
1280 3065 1442 3144 similiter
1459 3066 1666 3162 continetur,
1694 3079 1852 3145 tenorem
1870 3065 2008 3146 eisdem
2033 3089 2098 3142 uc·

417 3173 504 3252 stris
528 3171 757 3276 presentibus
796 3170 911 3246 itteris
936 3169 1047 3248 inseri
1073 3169 1225 3247 lecimus
1251 3171 1318 3246 sub
1345 3169 1415 3246 hiis
1439 3170 1606 3248 uerbisr·

521 3325 562 3402 lu
588 3325 727 3402 nomine
752 3321 881 3401 domini
907 3349 1020 3402 amen.
1070 3323 1155 3400 Nos
1181 3322 1438 3418 Conrados,
1465 3323 1501 3400 d.
1529 3349 1583 3426 gr.
1611 3324 1874 3419 duxfllesie,
1900 3335 2017 3402 notum
2041 3325 2101 3402 sa-

419 3431 532 3510 cimns
557 3429 754 3522 universis,
788 3425 884 3528 qnod
909 3453 988 3506 cunr
1013 3441 1160 3530 propter
1190 3430 1458 3532 occupaciones
1485 3441 1557 3506 etc.
1618 3430 1695 3527 (Es
1721 3431 1813 3532 lolgt
1838 3455 1908 3505 nnn
1933 3429 2101 3508 wortlich

417 3531 491 3612 und
516 3529 737 3634 vollstttndig
762 3529 822 3620 die
847 3529 1020 3609 Urlrunde
1045 3533 1095 3607 N.
1116 3533 1246 3608 LVlll
1269 3558 1351 3610 rom
1380 3534 1438 3608 18.
1463 3533 1568 3636 April
1598 3535 1695 3610 1273
1722 3533 1766 3611 S.
1792 3536 1844 3611 ou
1870 3534 1926 3610 bis
1951 3535 2016 3610 61.

519 3635 573 3716 Elt
605 3647 643 3711 nt
672 3634 840 3738 prodicta
871 3633 1024 3714 donacio
1055 3637 1267 3730 libertatum,
1302 3639 1363 3740 pio
1397 3635 1581 3714 desiderio
1614 3649 1653 3716 et
1691 3639 1823 3716 affectu
1856 3639 2001 3714 sincero
2029 3637 2101 3740 ipsi

418 3739 513 3818 dom.
540 3741 714 3842 episcopo
740 3739 905 3816 'l'bome
937 3751 975 3818 et
1000 3742 1277 3818 successoribus
1309 3741 1386 3816 sois
1412 3767 1459 3820 ac
1485 3741 1649 3819 ecclesie
1675 3741 1982 3842 Glogoniensi
2014 3738 2103 3818 data

418 3842 582 3970 provide,
615 3843 751 3922 collata
774 3845 914 3944 integre
940 3855 978 3920 et
1001 3843 1265 3922 racionabiliter
1296 3844 1442 3938 donata,
1475 3857 1649 3947 perpetuo
1675 3847 1802 3923 valeat
1832 3859 1870 3924 01
1894 3857 2103 3948 permaneat

378 3983 387 4004 ·
418 3973 640 4028 nrconcussa
670 3946 767 4050 apud
792 3949 1000 4050 premissos,
1034 3949 1069 4024 in
1095 3947 1287 4026 remedium
1319 3960 1514 4025 nostrornm
1540 3951 1785 4051 peccaminum
1811 3961 1849 4026 et
1873 3951 1992 4027 salute
2016 3971 2101 4052 pro·

419 4052 592 4156 genitoris
617 4053 741 4146 nostri,
768 4049 817 4130 de
843 4077 1023 4130 consensu
1050 4053 1237 4147 baronum,
1265 4051 1406 4128 militnm
1434 4063 1472 4130 01
1496 4051 1651 4130 fidelium
1678 4065 1873 4130 nostrorum
1898 4064 2102 4155 presentem

420 4167 567 4250 cartauc
593 4155 728 4232 firmum
756 4165 793 4234 et
818 4167 1026 4260 perpetuom
1052 4156 1157 4233 robur
1181 4158 1216 4232 in
1239 4157 1430 4337 ffimifflis
1457 4159 1617 4234 omuibus
1637 4159 1845 4250 babituram,
1865 4157 1976 4233 nostri
1992 4155 2102 4258 sigilli

445 4261 616 4338 abucinio
649 4257 889 4363 dependentis
920 4261 980 4338 lilo
1013 4260 1157 4338 sericeo
1189 4259 1274 4338 de‘
1310 4287 1354 4336 ns
1386 4260 1504 4339 eidem
1536 4263 1628 4364 patri
1653 4273 1775 4338 nostro
1808 4260 1901 4337 dom.
1928 4261 2100 4364 episeopo

481 4375 562 4440 rat.
587 4366 797 4440 roboratam.
854 4365 981 4440 Datum
1007 4361 1105 4467 apud
1130 4363 1310 4442 civitatem
1335 4375 1491 4442 nostram
1518 4365 1781 4465 Glogouiam
1814 4365 1848 4441 in
1875 4363 1979 4441 domo
2005 4362 2097 4440 dom.

422 4465 628 4570 Nicolay
654 4467 841 4546 scolastici
867 4468 1214 4569 Glogoniensis,
1240 4469 1310 4544 vl.
1335 4493 1404 4546 non
1430 4471 1572 4562 Marcii,
1598 4493 1633 4543 a.
1661 4466 1956 4549 domnccxc
1978 4468 2100 4570 primo,

422 4571 647 4745 ppeaentibns
664 4571 829 4648 militibus
847 4583 884 4648 01
900 4572 1091 4650 baronibus
1108 4574 1249 4666 nostris,
1275 4571 1534 4650 'l'beodrioo
1561 4571 1763 4648 castellano
1781 4569 2098 4673 Glogouiensi‚

471 4673 697 4751 rocbcone
738 4675 938 4753 castellano
971 4675 1019 4753 de
1052 4676 1230 4770 11111101,
1273 4685 1546 4776 Bognscone
1585 4672 1684 4752 dioto
1715 4675 1764 4754 (10
1797 4673 2099 4753 Wisenbnrcb

425 4775 625 4852 castellano
650 4773 698 4854 de
715 4777 885 4874 Vnda,
912 4777 1171 4858 Theodrico
1197 4779 1400 4858 castellano
1426 4777 1475 4856 do
1492 4777 1749 4858 Cosucbow
1774 4793 1812 4858 01
1836 4778 1986 4858 dominis
2002 4779 2099 4881 Ny-

426 4875 558 4954 colao
589 4880 803 4977 scolastico,
839 4883 1097 4961 Bnrnthone
1130 4884 1304 4962 canonico
1330 4882 1651 4982 Glogoniensi,
1684 4885 1911 4988 Woyslao
1946 4883 2098 4988 plebano

425 4976 600 5058 deAlta
616 4983 833 5082 eeclesia,
858 4985 1059 5068 Snlcone
1075 4988 1319 5082 Lasociez,
1337 4986 1594 5066 nricncone
1612 4987 1710 5066 dicto
1723 4987 1772 5066 de
1789 4988 1950 5083 hobel,
1974 4989 2099 5065 Hen-
