4660 5762
406 499 484 578 187
1014 499 1241 576 curma..
1280 499 1476 579 CLXXX.
1585 541 1594 571 ι

403 705 483 798 sis,
501 701 633 784 edm
646 701 777 802 grauis
790 701 957 804 episcopi
975 701 1184 797 Palosis,
1210 700 1367 785 debitam
1384 705 1628 790 moeremium
1642 719 1683 788 et
1695 705 1878 790 ternum.
1912 709 2087 802 noodr·

404 819 644 888 sumata
661 805 857 884 domena
870 807 1050 901 ecclesia,
1074 833 1156 886 cum
1172 808 1223 884 sit
1239 819 1351 886 noter
1365 809 1513 888 ortuum
1528 822 1569 888 et
1583 813 1768 912 agisse,
1786 819 1896 915 cujus
1912 839 1980 892 vos
1998 839 2089 895 ωι-

403 925 480 991 stat
495 937 585 991 esse
601 911 757 988 menbra
773 911 952 1012 pri-nia,
967 923 1093 1014 utpote
1107 909 1280 992 munos·
1297 912 1396 990 orbis
1410 925 1507 994 terre
1523 923 1560 992 et
1577 916 1728 998 eximios
1740 918 1892 1016 justicie
1904 919 2089 998 solutores

403 1013 747 1096 mactabitis
772 1027 810 1092 et
832 1015 981 1094 efflictis
1005 1017 1141 1094 vostris
1164 1016 1235 1119 piis
1258 1015 1575 1097 termimum
1599 1033 1637 1098 et
1660 1021 1824 1101 consiliis
1848 1023 2089 1126 multipliciter

403 1121 608 1212 subvenire,
633 1117 774 1198 idcirco
790 1121 928 1198 Wrat.
947 1120 1127 1213 ecclesia,
1149 1123 1270 1222 magni
1287 1121 1368 1198 olim
1383 1122 1531 1200 maius
1547 1134 1586 1204 et
1603 1123 1755 1216 numa,
1782 1123 1832 1202 de
1849 1139 1974 1205 vestro
1999 1151 2089 1206 con·

403 1225 477 1302 fis
489 1223 688 1328 patrocimo
704 1235 864 1302 vestrum
880 1225 1026 1325 requirit
1042 1237 1081 1302 et
1097 1226 1244 1305 invocet
1258 1226 1497 1319 sanctitatem,
1514 1251 1616 1326 quun
1627 1225 1781 1309 illustris
1791 1229 1975 1332 princeps,
1992 1228 2088 1308 dou.

402 1329 647 1422 Hernicus,
672 1325 752 1406 dux
772 1327 931 1407 Slenie
949 1339 988 1406 et
1005 1327 1099 1409 dour.
1124 1330 1274 1421 Wrat.,
1304 1331 1466 1430 subjecit
1486 1329 1666 1410 inaudibili
1688 1333 1872 1426 servituti,
1907 1354 2090 1412 enervans

401 1434 519 1537 ipsios
529 1436 615 1534 jura
630 1433 774 1534 pedus
793 1445 830 1509 et
847 1433 1128 1512 ecclesiasticas
1144 1434 1334 1512 libertates
1349 1434 1384 1510 in
1401 1445 1543 1519 tanturn,
1569 1447 1607 1510 ut
1629 1435 1698 1512 dai
1715 1433 1776 1514 dei
1801 1449 1840 1518 ot
1855 1451 1983 1516 vestre
2000 1463 2089 1516 saa·

404 1538 538 1616 ctitatia
555 1534 716 1639 presidio
735 1538 904 1614 celeriter
921 1538 1112 1632 relevetur,
1139 1539 1290 1640 amplius
1307 1563 1375 1614 non
1394 1536 1530 1616 adiciet
1545 1549 1583 1617 ut
1598 1551 1765 1639 resurgat
1779 1541 1817 1630 ¹).

505 1641 679 1720 Decimae
697 1641 813 1717 eciam
830 1667 954 1718 omnes
972 1655 1010 1719 et
1026 1655 1220 1743 proventus
1246 1655 1316 1718 tam
1334 1642 1566 1743 episcopales
1584 1667 1686 1742 quam
1711 1643 1920 1721 clericorum
1946 1657 1984 1721 et
2000 1644 2088 1722 reli·

402 1745 595 1847 giosomm
624 1744 788 1822 ecclesie
807 1746 1080 1822 observancium
1097 1745 1276 1839 unitatem,
1304 1745 1591 1848 edictopublico
1616 1745 1651 1820 in
1669 1746 1760 1822 loris
1775 1747 1957 1824 civitatum
1974 1748 2087 1840 lacto,

402 1873 468 1926 suo
486 1849 580 1926 fisco
598 1849 689 1926 lacit
706 1861 742 1926 et
759 1849 884 1926 usibus
903 1849 1089 1952 applicari,
1108 1847 1216 1927 nichil
1234 1871 1382 1952 prorsus
1397 1851 1434 1925 in
1453 1870 1520 1925 suo
1537 1847 1689 1924 dominio
1706 1870 1770 1952 pro
1786 1851 1861 1928 vite
1879 1851 2088 1928 necessita·

400 1951 496 2032 tibus
521 1965 593 2029 tam
617 1954 629 2028 i
656 1952 688 2028 si
713 1955 887 2056 episcopo
914 1977 1017 2054 quam
1044 1953 1143 2030 clero
1166 1977 1233 2029 suo
1251 1951 1300 2030 de
1317 1954 1477 2029 omnibns
1494 1953 1561 2029 sibi
1579 1951 1711 2030 debitis
1727 1954 1960 2056 proventibus
1978 1953 2088 2032 dere·

400 2057 577 2160 linquens.
619 1979 702 2133 deu
721 2071 758 2133 et
775 2057 849 2134 alia
868 2059 985 2134 banna
1001 2059 1129 2158 gravia
1152 2071 1190 2134 et
1214 2056 1349 2150 edicta,
1375 2069 1446 2132 tam
1471 2067 1597 2135 contra
1616 2057 1810 2156 religiosos
1834 2083 1938 2158 quam
1963 2070 2089 2135 canna

402 2161 536 2241 clerum
554 2157 685 2237 dudum
702 2162 916 2264 promulgari
934 2160 1126 2251 mandarit,
1155 2172 1193 2236 ut
1208 2159 1526 2256 videlicetnullus
1543 2157 1593 2238 ad
1611 2183 1732 2238 eorum
1749 2161 1935 2240 ecclesias
1954 2161 2090 2240 audeat

401 2263 586 2345 accedere
609 2289 679 2342 nec
704 2263 843 2342 eisdem
867 2291 931 2367 pro
955 2266 1030 2343 vite
1051 2265 1333 2342 necessitatibus
1358 2263 1518 2340 vendere
1541 2262 1675 2364 aliquid
1700 2263 1836 2341 audeat
1859 2265 1921 2343 vel
1938 2264 2086 2358 donare,

402 2368 472 2448 sed
490 2393 558 2449 uec
575 2370 610 2444 in
630 2368 826 2471 hospicium
844 2370 1009 2472 recipere
1024 2371 1086 2446 vel
1104 2379 1229 2446 tenere
1247 2370 1442 2471 qnempiam
1459 2368 1726 2469 premissorum,
1753 2370 1821 2445 sub
1835 2371 1980 2446 obtentu
1998 2393 2085 2470 gra·

402 2475 460 2552 cie
479 2487 516 2550 et
533 2476 712 2565 bonorum,
740 2485 777 2549 et
794 2474 951 2550 breviter
965 2483 1019 2550 tot
1036 2484 1074 2550 et
1090 2483 1191 2550 taum
1208 2471 1371 2551 ecclesie
1396 2471 1511 2548 intulit
1537 2481 1575 2548 et
1597 2469 1731 2550 inferre
1749 2493 1818 2547 non
1835 2471 1983 2550 desistit
1999 2497 2086 2573 gra-

400 2578 543 2653 vamina
567 2589 674 2674 atque
699 2575 864 2677 dampna,
891 2575 987 2677 quod
1009 2603 1079 2653 non
1103 2589 1255 2683 possunt
1272 2575 1383 2653 lacile
1401 2575 1551 2678 exprimi
1568 2585 1606 2652 et
1623 2573 1793 2654 describi.
1838 2577 1936 2652 Nam
1953 2578 1987 2652 in
2005 2578 2084 2654 solo

403 2693 525 2758 castro
544 2677 931 2774 Otmucbouiensi‚
949 2680 1044 2781 quod
1060 2681 1200 2772 noviter
1217 2681 1420 2782 occuparit,
1439 2701 1508 2781 que
1526 2691 1564 2756 et
1581 2693 1713 2780 quauta
1728 2681 1897 2784 rapuerit,
1916 2682 1979 2756 vix
1995 2704 2084 2782 pos·

402 2797 484 2862 sent
499 2781 628 2860 litteris
646 2783 833 2885 explicari.

505 2888 568 2964 Ne
585 2885 692 2986 igitur
709 2886 874 2964 ecclesia
890 2884 1056 2987 predicta
1071 2898 1143 2964 tam
1161 2885 1353 2965 excidiosc
1370 2897 1524 2986 parma
1536 2883 1764 2964 adnicbilun
1776 2888 1918 2989 penitus
1934 2883 2082 2988 rediga-

403 3003 459 3068 tor
476 3001 513 3068 et
529 3013 596 3093 per
611 2989 815 3092 prophanos
834 2987 1151 3085 administratores,
1170 2992 1229 3092 qui
1245 2990 1412 3094 populum
1430 2989 1659 3066 christianum
1677 2988 1904 3092 decipientes
1922 2989 2083 3069 scanda-

401 3095 515 3171 lizant
530 3094 659 3196 pocius
676 3119 780 3194 quem
797 3091 967 3170 edilicant
984 3094 1112 3172 claves
1131 3095 1294 3173 ecclesie
1311 3092 1606 3196 contempnendo,
1633 3103 1670 3170 et
1693 3119 1740 3172 ne
1757 3107 1827 3170 tam
1845 3095 2082 3197 perniciosum

404 3197 605 3300 exemplum
621 3197 657 3272 in
674 3198 815 3276 vicinas
834 3197 1017 3274 ecclesias
1035 3198 1222 3302 dyoceses
1239 3211 1277 3276 et
1292 3198 1497 3300 provincias
1515 3195 1696 3291 deveniat,
1722 3199 1854 3274 nostris
1879 3199 1961 3276 aliis
1986 3200 2082 3301 priu-

404 3303 543 3405 cipibus
561 3327 605 3378 se
617 3305 696 3400 jarn
713 3299 762 3376 ad
779 3299 983 3378 laciendum
1000 3303 1129 3379 sinilia
1145 3304 1363 3405 parantibus,
1394 3301 1426 3376 si
1443 3313 1514 3376 tam
1532 3301 1665 3404 inipso
1683 3299 1778 3380 doce
1796 3323 1899 3403 quarn
1915 3303 1951 3378 in
1968 3301 2083 3380 adrni-

403 3405 651 3481 nistratoribos
675 3401 849 3506 predictis
875 3427 1058 3484 excessus
1080 3417 1152 3483 tam
1177 3429 1311 3506 graves
1337 3417 1501 3481 maneant
1524 3405 1727 3499 incorrecti,
1754 3407 1937 3483 sanctitati
1960 3417 2084 3484 vestre

403 3511 557 3689 {cuibus
573 3507 750 3610 provoluti
766 3505 1031 3588 lacrimabiliter
1047 3509 1300 3612 supplicamus,
1319 3520 1495 3610 qtrateuus
1513 3531 1591 3586 curn
1607 3507 1702 3586 idem
1717 3507 1792 3584 dux
1809 3510 1982 3612 spirituali
1999 3511 2082 3610 gla-

430 3611 465 3688 io
479 3611 565 3688 nolit
582 3610 712 3710 corrigi
730 3633 846 3712 neque
862 3613 990 3714 possit,
1007 3615 1043 3689 in
1061 3613 1340 3691 obstinacionem
1357 3612 1419 3690 vel
1436 3609 1563 3714 pocius
1577 3611 1874 3715 desperacionem
1890 3614 2082 3717 prolapsus

405 3713 534 3794 claves
552 3713 714 3792 ecclesie
732 3716 874 3816 penitus
892 3715 1186 3895 contempnendo,
1213 3717 1360 3818 placeat
1376 3717 1502 3818 pietati
1517 3727 1641 3792 vestre
1660 3717 1759 3794 circa
1776 3718 1891 3819 ipsum
1908 3715 1995 3794 deo
2021 3739 2080 3792 or·

404 3819 531 3897 tuniori
548 3815 707 3896 remedio
726 3819 900 3919 cogitare,
918 3820 998 3898 sive
1043 3845 1064 3897 e
1081 3821 1256 3897 materiali
1273 3818 1396 3920 gladio
1414 3820 1494 3896 sive
1511 3817 1560 3896 de
1578 3841 1786 3920 quocunqne
1803 3819 1886 3909 alio,
1910 3841 1955 3921 qn
1994 3913 1999 3924 .
2022 3817 2081 3895 ni-

403 3923 489 4002 vina
504 3923 633 4002 nuccio
650 3945 718 3998 vos
736 3919 892 4000 docebit.
937 3923 1107 4004 Ceterum
1124 3925 1207 4026 quia
1223 3921 1363 4024 quidam
1390 3933 1588 4001 conventus
1606 3921 1654 4000 de
1670 3919 1814 4000 fratmm
1831 3921 2003 4000 Minorum
2020 3945 2094 4006 or-,

405 4025 502 4122 dine,
529 4027 724 4129 qni-nuper
748 4053 773 4103 a
793 4029 976 4130 provincis
1000 4037 1125 4104 nostra
1147 4049 1191 4105 se
1217 4023 1427 4106 scindentes
1449 4028 1633 4129 provincie
1658 4025 1864 4104 Scxonie
1888 4051 1932 4104 se
1940 4032 2081 4130 junxe-

404 4144 494 4224 runt,
520 4131 609 4209 licet
630 4131 665 4206 in
689 4131 882 4207 Polouia
906 4143 943 4207 et
960 4132 1094 4208 Wrat.
1113 4130 1267 4234 dyocesi
1291 4131 1351 4207 siti
1369 4131 1581 4224 consistant,
1606 4144 1749 4208 nostras
1766 4132 1974 4208 sentencias
1992 4155 2082 4209 con-

404 4233 618 4338 tempnendo
637 4247 707 4310 tam
725 4232 951 4338 sepedictum
968 4236 1162 4338 principem
1179 4261 1282 4336 quam
1300 4235 1393 4311 alios
1411 4235 1479 4310 sibi
1496 4235 1632 4311 similes
1653 4235 1686 4310 in
1710 4233 1885 4337 predictis
1910 4236 2081 4314 excessi-

404 4337 473 4414 bus
498 4351 535 4416 et
560 4339 754 4431 erroribus,
783 4340 860 4414 suis
882 4339 1006 4440 pravis
1036 4339 1330 4440 persuasionibus
1353 4350 1391 4416 et
1414 4338 1590 4439 exemplis
1619 4338 1762 4438 publice
1786 4363 1832 4416 ac
1879 4339 2083 4418 ertinaciter

406 4439 598 4518 eoulovent
615 4453 652 4519 et
669 4443 888 4543 subportant,
907 4443 1207 4520 communicentes
1225 4441 1539 4520 excommunicatis
1558 4450 1595 4517 et
1608 4452 1733 4518 contra
1746 4365 1968 4521 mosellorum
1986 4455 2081 4520 terre

406 4543 579 4644 generale
596 4571 716 4623 coram
734 4545 789 4622 eis
808 4555 846 4621 et
863 4541 958 4623 duce
976 4545 1186 4649 specialiter
1211 4545 1453 4647 sollempniter
1476 4543 1716 4640 celebrantes,
1742 4547 1778 4624 iu
1795 4544 2005 4624 smnddm
2022 4557 2081 4623 to·

451 4801 484 4878 1)
511 4793 584 4896 blnn
614 4793 694 4898 lolgt
719 4797 777 4866 mit
803 4795 954 4892 geriugen
981 4809 1080 4866 unten
1108 4795 1332 4949 anffiebenen
1356 4793 1524 4864 nbweichu
1569 4821 1623 4879 eu,
1656 4799 1805 4894 subrigens
1833 4799 1987 4883 udrtlich,
2011 4821 2076 4904 uss

512 4903 556 4945 un
576 4879 748 4948 Sebrsrbeu
769 4905 811 4950 sn
833 4883 896 4950 den
916 4883 960 4950 l's
983 4895 1011 4950 st
1031 4885 1071 4951 N.
1093 4885 1144 4949 CL
1216 4881 1266 4948 tx
1298 4879 1380 4948 steht
1410 4903 1471 4948 von
1493 4883 1525 4950 S.
1563 4885 1604 4950 77
1626 4881 1661 4952 Z.
1692 4887 1734 4955 13
1753 4909 1780 4952 v.
1797 4907 1843 4953 mr
1875 4887 1965 4954 Idem
1986 4903 2073 4952 emm

512 4963 669 5058 princeps,
689 4965 738 5034 bit
758 4969 791 5036 S.
814 4969 878 5038 tto
896 4969 932 5036 Z
952 4905 1017 5037 «lv.
1029 4991 1078 5034 u:
1098 4961 1342 5036 mnddamest
1362 4979 1513 5036 mortum.
