4552 5786
404 531 482 610 Md
1000 531 1211 606 Urluovlea
1267 529 1488 605 oexct'n.

507 734 644 812 Verum
674 756 755 810 erm
787 755 838 810 ox
868 731 1055 834 pemiads
1087 732 1148 810 Ec
1178 729 2090 838 iusmdspririlegisevidertarapparaatbu'·

404 839 584 931 valencia,
609 837 726 930 lavor,
752 834 946 914 sinceritas
970 849 1010 914 et
1035 837 1202 930 armus,
1228 839 1356 938 qu'lns
1381 836 1469 916 det
1493 835 1579 914 dire
1605 837 1774 914 menone
1797 835 1974 938 quondam
1998 837 2089 914 Ka·

404 943 532 1020 rolus
557 951 662 1044 pater
686 951 725 1017 ut
748 940 987 1018 Jolrairnes
1013 964 1106 1016 avus
1131 941 1245 1018 nostri
1271 941 1446 1021 cmssimi
1472 940 1614 1018 meme
1638 939 1720 1018 dam
1745 941 1931 1032 vixerunt,
1961 941 2090 1020 eccle-

269 1098 272 1108 ·
404 1047 508 1139 un,
535 1046 754 1148 episcopum,
780 1045 982 1148 capibrlum
1007 1045 1205 1126 canonum
1231 1056 1270 1123 et
1294 1046 1428 1123 elmon
1445 1045 1646 1122 seculuem
1664 1045 1800 1136 Wrat
1826 1057 1930 1146 grato
1955 1041 2090 1122 delm-

405 1151 519 1228 simis
543 1149 679 1226 auxilio
705 1150 908 1249 grwiosios
934 1149 1129 1252 prosecuti,
1156 1148 1312 1250 ideoque
1337 1162 1491 1238 emotas
1515 1162 1553 1226 et
1571 1155 1696 1248 justas
1720 1173 1842 1226 aarum
1866 1149 2091 1226 intenciuues

405 1267 449 1334 et·
467 1255 550 1330 vias
575 1253 840 1331 racionabiliter
862 1257 1138 1354 prosequeotes,
1168 1252 1358 1356 presertim
1383 1265 1421 1328 ut
1445 1277 1600 1355 presens
1624 1252 1847 1354 privilegium
1871 1262 2031 1330 nutum
2052 1252 2090 1328 iu

405 1361 565 1436 onbus
591 1357 807 1450 sentenciis,
841 1357 984 1458 punctis
1011 1368 1049 1434 et
1075 1357 1250 1434 clausulis
1282 1358 1361 1433 suis
1385 1366 1560 1460 perpetue
1583 1357 1721 1434 roboris
1746 1355 1997 1437 mualabiliter
2022 1355 2091 1432 ub-

404 1464 517 1540 tineat
540 1462 757 1554 limitatam,
790 1461 1021 1563 promittimus
1052 1461 1181 1536 anius·
1194 1459 1395 1540 deliberato
1427 1473 1467 1538 et
1490 1458 1541 1537 de
1565 1471 1668 1538 certa
1693 1460 1857 1538 sciencia
1880 1485 1946 1562 pro
1971 1459 2088 1550 uobis,

403 1562 599 1644 heredibus
625 1577 663 1642 et
688 1565 968 1642 successoribus
993 1565 1137 1657 nostris,
1166 1565 1347 1642 Boemie
1371 1564 1531 1665 ugnus,
1559 1565 1704 1642 sincera
1729 1577 1766 1641 ot
1792 1567 1885 1640 bona
1908 1561 1984 1641 lide
2009 1564 2091 1666 cpi·

404 1691 521 1773 aoapo
539 1669 687 1762 Wrat,
714 1668 773 1769 qoi
797 1691 863 1771 pro
888 1679 1048 1770 tempure
1073 1668 1190 1762 mous,
1211 1673 1255 1746 et
1279 1666 1374 1746 sede
1398 1682 1556 1745 vacarrte
1582 1665 1924 1744 maurorum
1949 1691 2090 1749 necnon

405 1773 563 1876 capitulo
588 1773 724 1850 Wrat.
752 1773 916 1850 ecclesie
951 1797 997 1850 ao
1029 1796 1151 1848 eorum
1181 1771 1459 1865 auocemoubus
1493 1773 1765 1886 imperpetuum,
1796 1772 1902 1873 ipsus
1923 1784 2091 1853 manuu-

405 1902 492 1956 nere
519 1902 663 1978 sempor
687 1899 734 1954 ac
751 1877 808 1954 eis
833 1877 970 1953 illibate
988 1901 1138 1953 servare
1164 1875 1364 1978 privilegia,
1393 1876 1531 1967 literas,
1559 1877 1833 1978 concessiones,
1853 1880 1951 1976 jm,
1973 1875 2090 1976 juris-

405 1979 589 2073 diciunos',
621 1981 826 2071 libertates,
860 1977 1031 2070 dominia,
1062 1977 1331 2080 indulgencia,
1364 1979 1530 2081 gracias,
1564 1977 1788 2057 dcuamoues
1814 1991 1852 2072 et
1876 1979 2091 2061 anmatos

406 2083 609 2186 hujusmodi
635 2109 682 2160 ac
707 2084 806 2160 trulla
830 2085 977 2160 rucinue
1003 2083 1206 2184 permittere
1233 2085 1313 2160 sive
1338 2085 1425 2186 pati,
1452 2096 1491 2160 ut
1516 2097 1641 2162 conus
1664 2084 1843 2186 prs-ima
1857 2082 1919 2160 vel
1944 2079 2090 2184 aliquod

404 2189 655 2292 preuiissorum
681 2187 900 2277 molestiam,
925 2187 1241 2287 interrupciouem,
1272 2189 1434 2288 injuriam
1460 2213 1527 2266 seo
1554 2185 1779 2291 dispendium
1803 2188 1850 2262 ab
1877 2187 1996 2286 aliquo
2016 2211 2089 2272 ‚cu-

399 2297 605 2395 juscunque
631 2289 853 2368 condicionis
879 2301 942 2366 aut
966 2301 1085 2366 mame
1108 2289 1268 2368 extiterit
1286 2291 1495 2368 ¹sustineant
1516 2292 1578 2369 vel
1603 2289 1867 2393 quomodolibet
1963 2292 2089 2384 'autur‚

346 2433 348 2437 ·
406 2411 445 2474 et
467 2397 615 2498 imuper
640 2394 854 2485 ecclesiam,
881 2393 1103 2494 episcopum,
1129 2389 1436 2473 administratores
1461 2395 1556 2473 sede
1579 2408 1747 2486 vacante,
1845 2395 1854 2414 ‘
1907 2421 1977 2478 um.
2003 2419 2089 2496 pro·

405 2501 521 2591 latos,
547 2498 743 2581 canonicos
770 2511 807 2573 et
832 2521 967 2572 omnem
994 2495 1127 2575 clerum
1153 2497 1354 2574 secularem
1379 2495 1585 2599 predictos,
1618 2499 1845 2576 communiter
1870 2510 1908 2575 et
1933 2496 2087 2589 divisim,

408 2616 534 2679 contm
559 2625 801 2700 ,uoscuoque
815 2623 937 2700 reges,
964 2597 1093 2692 duces,
1120 2601 1287 2694 comites,
1316 2601 1489 2696 barones,
1516 2603 1673 2693 nobiles,
1700 2617 1883 2708 manuos,
1910 2601 2086 2704 spoliato-

407 2729 487 2798 res,
513 2627 784 2794 moiestatorem
810 2704 1037 2804 injuriatores
1064 2715 1101 2788 et
1125 2705 1392 2808 perturbatores
1420 2729 1558 2799 eorum,
1594 2712 1839 2808 cujuscunque
1865 2703 2088 2786 condicionis

408 2821 471 2886 aut
495 2820 612 2884 status
639 2808 840 2899 extiterint,
867 2819 938 2884 tam
965 2819 1161 2884 extraneos
1187 2809 1495 2911 quamproprias,
1521 2811 1669 2888 realiter
1693 2808 1889 2888 defensare
1915 2833 1961 2886 ac
1985 2809 2086 2910 ipsos

409 2925 447 2992 et
470 2912 625 3014 ipsorum
651 2913 754 3003 buna,
781 2923 916 3003 terras,
943 2909 1123 3002 homiues,
1150 2913 1422 3014 possessiones,
1449 2924 1580 2990 statura
1607 2929 1644 2991 et
1663 2919 1749 3014 jura
1772 2913 1863 2990 tueri
1888 2925 1928 2990 et
1950 2913 2084 3012 absque

408 3017 520 3092 omnis
548 3012 718 3092 dolisuru
743 3014 803 3090 ulo
830 3014 1070 3092 effectualiter
1094 3039 1326 3108 conservare,
1353 3026 1539 3118 postquam
1564 3030 1602 3094 et
1627 3018 1746 3093 statim
1764 3029 1804 3093 ut
1820 3041 1887 3102 eos
1912 3017 2087 3119 antipen-

407 3123 480 3196 rdm
507 3118 648 3218 aliquos
671 3041 744 3196 vei
759 3118 911 3218 aliquem
937 3120 1205 3222 perceperimus
1231 3119 1396 3221 spoliari,
1424 3121 1609 3198 molestari
1634 3133 1695 3197 aut
1720 3121 1916 3222 perturbari
1941 3122 1978 3196 iu
2002 3145 2088 3221 per-

408 3223 528 3316 sonis,
560 3224 668 3299 rebus
701 3223 761 3298 vel
787 3223 930 3322 juribus
963 3222 1118 3323 ipsorum
1150 3223 1212 3299 vel
1243 3223 1335 3324 ipsis
1366 3224 1515 3323 iujurias
1545 3225 1695 3325 irrogari
1718 3237 1783 3300 aut
1805 3229 1991 3325 postquam
2017 3225 2090 3324 ipsi

407 3325 517 3427 aliqui
541 3326 602 3404 vel
627 3325 757 3426 aliquis
782 3325 937 3427 ipsorum
962 3326 1065 3402 nobis
1091 3325 1232 3428 spolia,
1270 3327 1478 3422 molestias,
1516 3328 1667 3428 injurias
1701 3341 1763 3404 aut
1795 3329 2088 3429 perturbationes

408 3431 564 3532 ipsorum
588 3429 839 3523 intimaverint,
876 3430 1027 3509 anobis
1051 3430 1113 3506 rel
1135 3430 1271 3506 'nostris
1296 3429 1493 3508 heredibus
1518 3445 1581 3508 aut
1605 3432 1882 3511 suecessoribus
1908 3421 2088 3508 Bromie

408 3533 558 3634 regibus
581 3531 828 3610 defensionem
853 3533 914 3610 vel
939 3533 1108 3610 ιιιιιιὶΙὶιιιιι
1134 3533 1370 3636 postulantes.
1481 3563 1484 3569 ’
1934 3535 1937 3544 ⁴

512 3635 749 3712 Promittimus
775 3635 889 3714 eciam
916 3637 1102 3738 episcopo,
1129 3637 1292 3716 ecclesie
1319 3649 1358 3714 et
1382 3636 1725 3714 administratoribus
1750 3636 1843 3716 sede
1859 3641 2017 3716 vacante
2041 3661 2087 3714 ac

408 3740 559 3844 prelatis
585 3751 623 3816 et
647 3738 949 3842 capituloWrat.
977 3751 1014 3816 et
1040 3743 1318 3820 successoribus
1339 3743 1649 3844 eoium'pe'rpetuo
1673 3767 1738 3844 pro
1752 3743 1866 3836 nobis,
1893 3739 2086 3819 heredibus

410 3857 449 3922 et
474 3843 751 3922 successoribus
776 3843 921 3938 nostris,
947 3843 1096 3945 regibus
1114 3845 1307 3938 Boemie,
1333 3847 1587 3948 imperpetuum
1611 3844 1810 3940 bonafide,¹
1828 3841 1923 3948 quod
1940 3847 2087 3947 episeo-

407 3943 1510 4130 umumtuuua
1536 3949 1951 4130 rutrum:
1966 3974 2087 4130 ιιι

409 4155 540 4259 laycos
565 4156 600 4230 in
625 4155 731 4231 terris
738 4209 748 4248 ,
775 4075 890 4249 vlitis,
915 4153 1072 4258 prediis,
1105 4079 1616 4259 pussessioiu'buswbonis
1641 4156 1805 4234 ecclesie
1831 4159 2085 4248 eousiatentue,

410 4259 507 4334 nullo
530 4283 679 4360 unquam
702 4269 865 4361 tempore
888 4257 1166 4360 aggravabimus
1187 4261 1452 4354 exactionibus,
1478 4260 1601 4354 talliis,
1626 4261 1879 4354 soluciauibus,
1907 4259 2085 4352 collectis,

410 4362 646 4464 peticionibus
671 4363 910 4465 pecuniarum,
937 4363 1146 4455 monalium,
1172 4359 1398 4456 annonarum,
1425 4365 1642 4457 servitutum,
1667 4365 1890 4442 vecturarum
1906 4364 1970 4440 vel
1993 4363 2086 4440 alia-

411 4491 487 4584 rum
517 4467 741 4567 angariarum
773 4491 840 4542 seu
871 4468 1159 4590 perapgariorum
1192 4477 1254 4543 aut
1284 4471 1568 4591 quommcudque
1582 4571 1591 4590 ι
1606 4469 1748 4594 operum
1786 4468 2085 4647 ipppsicionibus,

373 4635 376 4646 ’
413 4569 1720 4780 tttttttttbttttttttl{ttttl‘ttt‘t‘tttlt
1737 4568 2086 4786 {lapilli

414 4771 517 4876 ipsos
543 4779 770 4856 communiter
794 4789 831 4856 et
856 4775 1012 4872 domm,
1038 4783 1174 4873 terras,
1200 4780 1363 4858 homines
1387 4791 1425 4856 et
1449 4779 1710 4882 possessiones
1735 4803 1855 4856 eorum
1879 4803 1949 4856 non
1974 4779 2086 4856 solu

414 4875 461 4952 ἰΙ·
504 4877 695 4960 lenissimis
713 4883 956 4966 libertatibus
979 4883 1286 4977 conservabimus,
1317 4882 1491 4960 tuebimur
1515 4893 1553 4960 et
1581 4907 1645 4984 pro
1677 4881 1814 4960 viribus
1837 4878 2085 4972 Meum

416 5005 436 5057 s
513 4993 550 5058 et
572 4984 663 5086 ipsis
682 4991 792 5086 juxta
813 4989 1003 5066 literarum
1019 4997 1058 5065 et
1080 4988 1342 5090 privilegiorum
1375 5010 1518 5064 surum
1548 4987 1767 5090 present'onr
1794 4999 1832 5065 et
1856 4985 2084 5064 abonimta·
