4524 5770
727 541 938 619 nonomen
996 541 1072 614 nn.
1104 542 1205 614 nnn
1237 541 1364 616 nrrr.
1838 540 1896 620 en

193 744 362 845 idemque
374 743 544 844 princeps
556 767 669 930 nuper
682 743 784 822 circe
795 741 1007 825 dominicum
1014 741 1444 846 llurrispnlmurnm-nb
1463 745 1691 848 sepedictum
1701 747 1893 848 remprin·
1911 763 2043 834 ornem.

195 849 312 952 cipeu
330 845 423 924 dnm
443 844 572 924 docem
631 845 860 940 euredum,
889 873 967 926 cum
992 847 1075 949 ipse
1097 849 1152 926 rei
1170 845 1365 928 endensi
1380 850 1573 928 meritone
1590 863 1695 930 esset
1711 855 1795 952 ejus
1812 852 1893 930 vio·

194 954 296 1034 leon
319 949 536 1030 decimumm
567 953 767 1054 occupocio
797 965 838 1030 et
867 952 1101 1030 collectorum
1129 952 1292 1030 extorsio
1324 955 1710 1032 excommunicavimus
1739 967 1779 1035 et
1808 959 1893 1056 ejus

196 1057 426 1135 consiliarios
449 1057 486 1130 in
511 1056 584 1134 boc
608 1057 721 1149 scoto,
749 1068 787 1134 et
812 1054 1106 1134 derrnooioviruos
1131 1057 1245 1158 ipsun
1270 1057 1304 1135 io
1331 1081 1506 1138 cunonem
1529 1061 1717 1138 sentencie
1733 1059 1809 1138 loto
1826 1080 1893 1160 per

196 1159 290 1246 ¹olom.
315 1157 560 1239 Gnidenem
586 1158 668 1238 sed.
695 1171 814 1261 epost
838 1159 996 1260 legetnm
1022 1158 1211 1239 incidisse.
1275 1161 1391 1238 Vobis
1415 1162 1539 1264 ituqne
1557 1163 1735 1242 universio
1752 1174 1790 1242 et
1813 1165 1891 1246 sin-

195 1265 293 1366 gulis
315 1265 351 1340 in
373 1264 505 1342 uirmte
528 1261 743 1344 obediencie
761 1276 798 1342 et
815 1265 882 1340 snb
908 1287 1004 1366 pene
1020 1265 1419 1358 excommunicacionis,
1446 1291 1552 1366 quum
1570 1291 1619 1344 ex
1636 1291 1729 1346 nuno
1746 1267 1781 1344 in
1800 1292 1890 1347 coo·

198 1380 394 1470 temptores
422 1365 580 1446 mendeti
610 1367 721 1444 nostri
753 1367 919 1458 serimus,
953 1367 1119 1448 districte
1144 1369 1361 1470 precipimus
1391 1383 1428 1448 et
1458 1367 1686 1463 mandamns,
1713 1381 1753 1446 nt
1781 1396 1805 1448 n
1830 1370 1891 1453 (liu

197 1473 458 1576 pnblicecionis
475 1473 598 1548 bemm
613 1471 808 1550 litterarum
826 1473 945 1548 nnllos
964 1483 1120 1548 vestrum
1141 1473 1177 1548 in
1195 1483 1273 1548 totu
1289 1483 1387 1552 terro
1411 1475 1544 1576 prelnti
1561 1472 1668 1554 ducis
1685 1497 1755 1554 nec
1774 1475 1891 1556 coium

197 1577 233 1654 io
256 1578 359 1656 curie
382 1577 443 1654 rel
468 1576 663 1679 presencia
685 1576 801 1678 ipsius
827 1573 964 1654 undeet
986 1573 1109 1654 divino
1134 1575 1257 1654 officie
1279 1577 1469 1656 celebrere
1492 1588 1555 1656 unt
1572 1578 1693 1680 olom
1715 1578 1891 1659 exbibete

198 1680 461 1760 ecclesiastice
476 1691 717 1769 sacramente,
741 1691 862 1781 preter
878 1679 1096 1781 bsptismntu
1111 1681 1337 1782 pummomm
1355 1694 1392 1758 et
1408 1682 1636 1782 penitenciae
1653 1683 1890 1774 morienoinm,

197 1785 384 1887 sepulture
401 1784 698 1862 ecclesiastices
747 1784 889 1864 cialiter
911 1783 1117 1876 interdictu,
1144 1785 1237 1862 etsi
1263 1783 1398 1862 exinde
1420 1787 1456 1861 in
1483 1787 1606 1864 verius
1630 1787 1891 1888 temptaciones

198 1887 409 1981 incideritis,
436 1913 604 1967 snmrunm
620 1913 694 1988 gon
720 1889 788 1964 inm
807 1889 1019 1966 estimentes
1036 1912 1115 1968 cnm
1139 1889 1202 1980 illi,
1230 1889 1289 1988 qni
1311 1901 1457 1992 propter
1467 1891 1653 1989 justicium
1671 1901 1709 1967 et
1719 1895 1807 1990 jum
1823 1913 1890 1968 eo·

199 1993 316 2072 elesie
339 1993 636 2094 persecucionem
684 1991 856 2084 uoirmtur,
884 1993 980 2068 beuti
1004 2018 1029 2071 e
1054 1990 1194 2070 domino
1217 2003 1434 2096 reputentur.
1478 1994 1611 2070 nomn
1635 1994 1772 2072 Wret.
1797 2017 1890 2072 sono

199 2095 329 2174 domini
346 2094 631 2188 mochimi,
658 2018 726 2172 fu.
745 2095 876 2172 Nonus
894 2094 1131 2198 Septembris.

304 2511 517 2601 Thomas,
545 2505 582 2584 d.
601 2533 655 2610 gr.
674 2509 809 2584 Wrot.
831 2510 1042 2614 episcopus,
1070 2506 1216 2585 dilectis
1232 2509 1268 2584 in
1286 2506 1435 2586 Christo
1462 2509 1571 2614 priori
1588 2521 1625 2586 et
1642 2507 1812 2589 l'rotribns
1829 2531 1890 2586 or·
1950 2537 2018 2586 nvn

199 2614 292 2692 dinis
311 2611 582 2692 Prodicetomm
597 2613 633 2690 io
651 2612 917 2712 elegerim)
944 2625 982 2690 et
997 2613 1032 2690 in
1050 2613 1332 2690 lioleslnnez
1345 2613 1375 2705 ³)
1399 2637 1538 2690 necnon
1564 2610 1740 2713 gordiano
1759 2625 1796 2690 et
1813 2611 1889 2689 irn-
1943 2617 2019 2682 Μ,

199 2719 311 2796 tribus
337 2715 473 2795 ordinis
497 2719 672 2794 Minorem
697 2717 732 2792 in
758 2715 1031 2816 Glogouinb
1058 2727 1095 2794 et
1118 2717 1154 2791 in
1173 2716 1372 2795 Croutnu
1398 2717 1549 2794 sulutem
1567 2715 1603 2792 in
1621 2718 1769 2793 omnium
1787 2717 1889 2793 selu·
1907 2685 2048 2754 ²⁸⁰⁹&

199 2825 277 2900 teri.
324 2821 416 2903 Cum
438 2835 587 2926 propter
608 2820 883 2925 osmpecionem
907 2818 1124 2898 decimarum
1148 2831 1346 2896 nostrornm
1370 2832 1408 2898 et
1433 2821 1522 2898 cleri
1546 2821 1659 2896 nostri
1684 2831 1722 2898 et
1741 2831 1891 3000 prom

198 2928 450 3020 collectorum,
468 2971 519 2982 --
544 2937 670 3004 cetere
693 2938 730 3000 nt
755 2951 868 3030 supro
885 2924 954 3022 (Ν.
973 2925 1083 3023 LV),
1110 2922 1205 3001 unde
1229 2924 1487 3002 fraternitatem
1511 2937 1668 3001 vestrum
1693 2948 1805 3024 rogen

200 3031 366 3108 duximus
383 3041 421 3107 et
438 3027 664 3121 monendam,
691 3039 730 3104 ot
745 3028 815 3104 bos
834 3039 978 3104 nostres
996 3029 1212 3129 sentencias!
1223 3027 1451 3131 publicantes
1469 3052 1537 3103 non
1556 3027 1751 3108 celebretis
1769 3027 1891 3104 divine

198 3135 334 3226 officie,
360 3135 429 3210 nisi
441 3134 566 3234 jenois
583 3133 734 3224 clausis,
763 3131 1083 3209 excommunicetis
1101 3141 1140 3208 et
1154 3128 1356 3208 interdictis
1375 3131 1551 3223 exclusis,
1563 3137 1675 3232 juxte
1693 3133 1902 3208 cononicus
1978 3141 1981 3148 '
2002 3136 2006 3144 '

199 3239 429 3316 serrcciooes.
463 3238 594 3313 Debrm
611 3237 747 3313 Wret.
766 3259 859 3313 nono
877 3234 1007 3312 domini
1024 3231 1306 3328 MCCLXXH,
1332 3235 1400 3310 lll.
1419 3235 1550 3310 Nonus
1568 3233 1807 3339 Septembris.

303 3649 514 3742 Thomas,
543 3647 579 3724 d.
604 3675 658 3750 gr.
677 3649 813 3724 Wrnt.
833 3650 1045 3754 episcopos,
1073 3644 1224 3724 dominis
1249 3643 1297 3725 de
1321 3645 1498 3747 Sagen,
1524 3644 1572 3726 de
1599 3645 1815 3734 Crostnn‚
1842 3642 1891 3724 de
1942 3659 2023 3709 lavu-

197 3755 487 3832 Boleslooem
506 3753 600 3851 (sic)
619 3749 718 3830 etde
736 3752 959 3853 Glogonie
976 3749 1076 3828 orobi
1103 3753 1304 3853 resbyteris
1322 3752 1475 3828 sulutem
1491 3752 1526 3826 in
1541 3749 1692 3828 domino.
1726 3749 1818 3830 Com
1836 3751 1890 3826 si·
1906 3811 1923 3864 3
1942 3739 2024 3864 ζῇ

198 3870 262 3938 ent
279 3857 383 3937 scitis
400 3859 436 3934 in
455 3869 563 3934 totum
581 3869 710 3934 terrem
728 3857 856 3932 nobilis
880 3856 1056 3979 principis
1073 3779 1203 3932 gemini
1215 3852 1470 3954 ‚C[onrodi)
1497 3854 1603 3932 ducis
1621 3855 1783 3933 Slecie
1808 3853 1890 3930 olim
1924 3849 1931 3864 ’
1981 3821 2008 3878 ¹¹⁸
2026 3828 2046 3864 ''

197 3965 301 4042 circu
325 3961 640 4039 ennoncincionem
670 3962 705 4035 b.
736 3961 855 4038 Mnrie
885 3960 1034 4062 uirgims
1058 3959 1266 4038 tulissemus
1292 3960 1513 4038 sentenciam
1537 3957 1717 4038 interdicti
1767 3966 1891 4060 ropter
1905 3981 1948 4036 m.
1961 3985 2043 4036 msa.

195 4067 391 4144 violentum
410 4064 691 4170 occnpuciooem
708 4059 924 4144 decimanum
942 4076 1138 4142 nostrornm
1158 4073 1195 4140 et
1212 4074 1361 4167 propter
1378 4063 1557 4142 collectos
1581 4075 1619 4138 et
1642 4062 1717 4138 olis
1733 3985 1890 4164 Xempnn

194 4170 398 4248 bominibus
416 4169 580 4248 ecclesie
597 4179 720 4246 nostre
737 4168 840 4244 illnte
856 4193 903 4244 ec
955 4163 1153 4242 ortmodnm
1180 4166 1327 4242 formem
1345 4165 1635 4270 composicionis,
1653 4188 1758 4266 quem
1773 4187 1889 4240 vene-

193 4273 324 4353 rabilis
350 4273 460 4351 freter
483 4285 608 4350 noster
629 4269 722 4348 dom.
741 4194 1068 4370 willermus)
1094 4269 1385 4347 Lubncensis
1411 4269 1610 4374 episcopus
1633 4265 1683 4346 de
1708 4291 1890 4374 consensu

96 4563 103 4572 ·
245 4545 279 4621 l)
307 4538 385 4604 Hier
412 4535 494 4688 [υἷι
514 4533 695 4602 wesenllich
716 4533 871 4614 wb'rtlioh,
898 4557 963 4602 urus
983 4533 1022 4600 N.
1044 4534 1112 4600 llv
1139 4533 1171 4600 S.
1185 4531 1230 4602 58
1255 4555 1318 4634 vop
1338 4533 1411 4602 Η
1432 4532 1481 4600 bis
1502 4533 1538 4600 Ζ.
1551 4531 1595 4600 ‘m
1616 4533 1708 4621 steht,
1729 4533 1787 4600 mit
1808 4535 1890 4598 Ans·

306 4621 425 4688 nehme
468 4647 503 4690 er
525 4622 598 4688 dort
619 4633 713 4690 nnter
735 4621 808 4688 dem
829 4619 930 4686 Texte
948 4617 1178 4714 cogegebenen
1200 4617 1467 4710 Abwerchungen.
1669 4651 1676 4659 -
1741 4651 1747 4662 ·

245 4733 280 4808 b)
309 4725 373 4792 Dus
394 4723 527 4792 Kloster·
548 4723 654 4790 istim
675 4723 702 4788 J.
726 4721 1227 4822 liberomflerzogellomod
1248 4719 1286 4788 ll.
1309 4719 1607 4814 gestilbetwordem
1650 4721 1732 4788 Urlr.
1869 4781 1873 4792 .

243 4835 277 4910 b)
306 4825 504 4908 Bone-len,
525 4825 583 4892 W.
605 4823 666 4916 6½
693 4823 737 4892 M.
760 4850 822 4893 non
843 4825 994 4920 Liegnitz.
1060 4823 1125 4890 Des
1147 4819 1279 4891 Kloster
1298 4821 1358 4890 soll
1381 4823 1425 4890 im
1446 4825 1472 4890 J.
1496 4821 1579 4889 luat
1600 4819 1739 4915 gestistet
1759 4821 1891 4890 worden

306 4937 392 5004 seyn.
421 4911 660 4978 Zimrnermunn
681 4913 733 4978 Vl.
755 4911 827 4978 171.

243 5024 276 5098 l)
307 5016 432 5082 Wuren
452 5013 569 5082 beneito
592 5014 674 5083 1257
695 5013 767 5081 bier
788 5011 981 5083 verbunden.
1016 5011 1193 5120 ¹Wedtling
1213 5012 1265 5083 lV.
1287 5035 1320 5104 p·
1340 5010 1415 5083 256.
1587 5030 1637 5178 m·
1702 5027 1766 5082 ηε.
1820 5035 1829 5087 l
