4524 5770
810 545 1025 618 Urkrstleu,
1080 543 1230 618 svnt.
1304 586 1308 595 ·
1819 545 1867 622 dl

181 751 288 828 done
309 745 551 854 predictorum
573 747 839 824 sonteuoisrun
864 747 1058 830 obtinendo
1080 759 1119 826 et
1133 745 1264 848 grecis
1281 741 1595 827 moonciiisoinnis
1611 750 1873 830 ooelositso'oo

180 863 303 931 nostre
332 851 530 955 prudencie
559 851 659 926 inniti
680 847 864 945 nolentes,
900 855 1051 931 oonsilio
1081 853 1270 956 prehabito
1293 847 1523 952 quondtstem
1544 855 1811 932 satisfactionis
1835 867 1874 933 et

180 955 319 1034 modom
335 957 372 1032 in
389 957 551 1032 monibus
568 965 607 1031 et
619 955 805 1034 voluntate
822 959 1041 1035 venerabilis
1057 958 1171 1063 putris
1189 955 1282 1032 dom.
1301 953 1478 1051 Thone,
1505 983 1563 1063 ep.
1579 959 1720 1034 Wrot.
1735 960 1872 1061 sinapi

183 1061 274 1140 citer
289 1071 328 1138 et
351 1061 512 1137 totaliter
531 1059 729 1161 pesnimrm,
755 1085 823 1136 nos
840 1063 875 1136 in
900 1063 971 1140 hoc
994 1075 1099 1163 perte
1123 1085 1190 1162 per
1214 1060 1330 1136 omnis
1352 1062 1436 1160 ejus
1458 1063 1585 1161 me
1610 1064 1871 1156 submittentes,

182 1165 304 1243 mmms
322 1163 372 1240 sd
389 1185 467 1242 eom
485 1187 551 1270 pro
566 1163 638 1241 noc
654 1163 743 1239 uiris
759 1165 919 1268 providis
935 1177 976 1243 et
992 1163 1453 1264 nonestiswfithetmo),
1471 1163 1509 1240 d.
1525 1191 1579 1265 gr.
1595 1167 1769 1268 episcopo
1785 1167 1872 1242 nm

184 1269 386 1358 bucensi,
414 1269 543 1346 comite
560 1265 763 1344 Occulso
780 1267 909 1370 judice
926 1283 1023 1348 terte
1038 1281 1162 1347 nostre
1178 1280 1218 1346 et
1233 1267 1485 1344 Broniulso
1512 1269 1716 1347 castellano
1735 1275 1871 1374 llyto·

183 1373 342 1451 utiensi
357 1373 492 1448 nostris
510 1365 711 1448 baronibus.
1290 1402 1293 1415 ·
1575 1397 1578 1405 ·
1622 1371 1626 1378 '
1737 1373 1741 1384 '

286 1467 495 1554 Secundum
510 1477 656 1552 lumem
674 1475 783 1576 igitur
796 1471 1061 1552 sotstmttoms
1076 1477 1126 1552 sb
1139 1477 1225 1578 noso
1241 1474 1334 1552 dom.
1353 1473 1531 1578 episcopo
1550 1475 1656 1552 nobis
1672 1477 1871 1578 impositum

185 1595 223 1661 ot
242 1592 404 1658 toruum
429 1581 499 1656 sibi
522 1579 754 1682 promittimus
775 1581 870 1656 bona
891 1579 966 1657 lide
990 1577 1038 1656 et'
1051 1582 1131 1656 suis
1154 1580 1435 1658 successoribus
1459 1580 1650 1680 pronubis
1676 1592 1717 1656 et
1737 1581 1871 1658 nostris

184 1685 481 1780 successoribus,
517 1710 590 1784 pro
615 1689 790 1782 dampnis
808 1691 1036 1761 solummedo
1060 1693 1235 1784 episcopo
1261 1701 1299 1762 ot
1328 1689 1533 1760 bominibus
1563 1692 1731 1782 episcopi
1748 1689 1873 1783 suetis

185 1790 416 1890 octingentos
432 1811 576 1864 murcos
594 1789 745 1887 argenti,
765 1809 909 1888 quonum
924 1799 1111 1865 trecentos
1127 1811 1243 1889 usque
1260 1786 1309 1864 ad
1325 1789 1546 1864 nativitatem
1564 1785 1694 1862 donini
1710 1790 1931 1890 proximent
1948 1808 2040 1858 meur.

183 1906 368 1972 venturum
385 1905 423 1970 et
438 1889 608 1970 residuos
626 1893 840 1991 quingentas
858 1917 972 1992 usque
989 1891 1038 1967 od
1054 1892 1197 1995 puscbo
1214 1891 1345 1968 domini
1362 1891 1500 1968 nomine
1517 1889 1872 1972 Wrotiulouien·
1924 1903 2002 1978 troo,

184 1997 252 2074 sis
270 1999 506 2098 episcopatus
523 1995 773 2098 persolvemus
789 1993 918 2088 eidem,
937 1995 1019 2073 sire
1036 2007 1220 2097 argentum
1239 1997 1320 2072 siue
1336 2007 1454 2073 terres
1471 2007 1508 2072 et
1524 1996 1784 2096 possessiones
1803 2022 1872 2099 que
1907 1977 1931 2032 ¹·
1941 1983 2024 2044 Μ’·

184 2101 415 2202 equivaleont
431 2096 667 2199 assignando.
703 2105 839 2174 Pretrr
854 2106 934 2191 bec,
950 2095 1199 2200 promittendo
1215 2105 1443 2199 satisfacere
1461 2099 1510 2174 ad
1526 2100 1669 2202 plenum
1686 2099 1872 2180 canonicis

183 2203 370 2309 personis,
398 2205 497 2282 clero
522 2219 560 2280 et
583 2203 672 2278 viris
694 2200 877 2302 religiosis
901 2201 950 2280 de
973 2202 1136 2306 dampnis
1163 2228 1187 2279 a
1210 2202 1315 2280 nobis
1339 2203 1449 2282 sectis
1473 2203 1614 2281 eisdem
1637 2204 1871 2305 1161050-

184 2310 336 2387 nicusi
353 2306 499 2400 ducatu,
511 2313 714 2408 juramento
733 2308 839 2384 etium
850 2309 1090 2410 'corporaliter
1105 2310 1258 2412 prestito
1274 2307 1493 2410 spondemus
1510 2309 1769 2384 correctionem
1785 2333 1872 2411 prc-

184 2413 364 2492 teritorum
382 2423 420 2489 et
436 2413 628 2488 suenorum
645 2411 841 2502 cautelam,
868 2407 920 2487 ita
937 2409 1032 2512 quod
1050 2411 1178 2488 amodo
1195 2410 1246 2488 dc
1262 2409 1414 2489 decimis
1430 2423 1573 2488 monete
1591 2423 1629 2488 et
1645 2413 1792 2488 eliorum
1810 2437 1871 2492 rc·

184 2543 256 2594 nrm
273 2517 572 2620 possessionibus
596 2527 634 2592 et
655 2516 765 2591 rebus
788 2516 871 2591 aliis
897 2514 1100 2592 corumdem
1125 2537 1193 2592 nos
1216 2513 1313 2591 nullo
1335 2515 1440 2592 modo
1462 2516 1742 2609 intromittemus,
1769 2519 1872 2594 imaro

185 2623 382 2724 episcopus
400 2633 437 2697 et
454 2618 645 2724 capitulum
662 2641 732 2694 sus
749 2632 787 2695 et
803 2617 871 2694 sibi
889 2617 1015 2696 debito
1030 2619 1144 2696 libere
1161 2619 1318 2722 pacifice
1332 2620 1533 2722 percipient
1550 2633 1588 2696 et
1604 2621 1736 2720 quiete.

285 2725 339 2801 Et
355 2725 527 2802 articulos
544 2723 795 2823 infrascriptos
813 2734 850 2799 et
866 2723 1053 2800 libertates
1071 2722 1120 2799 ad
1136 2717 1306 2800 honorem
1324 2723 1384 2802 dei
1403 2735 1441 2801 et
1458 2749 1490 2798 s.
1510 2723 1678 2800 ecclesie
1691 2725 1785 2800 bons
1797 2721 1872 2800 fide

182 2829 413 2931 promittimus
430 2831 640 2904 observare.
684 2826 866 2920 Clericus,
893 2833 1140 2930 cujuscunque
1158 2825 1294 2904 ordinis
1310 2827 1372 2904 vel
1391 2826 1576 2927 dignitatis
1598 2829 1776 2920 existent,
1802 2851 1871 2904 oon

181 2933 551 3112 &ptochium
547 2933 584 3006 in
599 2927 745 3110 ffflffi
759 2932 942 3056 mittemus
951 2932 1012 3008 rel
1030 2930 1079 3056 de
1096 2943 1193 3008 terro
1209 2931 1411 3110 iugabinup
1429 2943 1492 3006 out
1502 2933 1612 3056 rebus
1626 2932 1869 3109 spoliabilrnou,

223 3063 278 3114 em
303 3061 370 3115 cos
577 3057 677 3111 crrca
746 3060 860 3112 munes
886 3059 908 3111 e
946 3059 1013 3110 sco
1037 3061 1049 3109 r
1147 3059 1329 3112 rsonarum
1361 3059 1384 3111 e
1431 3056 1681 3112 cenonrconrm
1707 3059 1776 3110 oco
1792 3059 1871 3111 esne

183 3139 529 3242 Giogoniensis.
574 3141 678 3215 Bono
700 3139 875 3242 episcopi,
903 3061 1153 3215 3¹¹⁰aner
1179 3150 1216 3215 et
1238 3139 1344 3232 cleri,
1371 3133 1516 3241 predio,
1543 3132 1682 3229 domos,
1709 3161 1871 3214 mnonss

183 3255 222 3322 et
243 3269 307 3321 res
329 3243 425 3320 alios
448 3267 517 3318 non
540 3243 788 3344 usurpabimus
813 3265 883 3320 nec
901 3241 951 3320 dc
973 3241 1140 3320 mandato
1158 3254 1292 3335 nostro,
1320 3243 1491 3331 consido,¹
1511 3239 1646 3316 auxilio
1663 3242 1725 3317 rel
1742 3241 1869 3318 sonore

182 3349 314 3448 uliquis
330 3349 526 3450 usurpabit,
554 3359 591 3424 et
616 3344 746 3422 milites
769 3357 924 3440 nostros,
952 3346 1011 3447 qui
1035 3345 1084 3424 de
1106 3340 1282 3449 predictis
1307 3347 1427 3447 obque
1450 3356 1672 3446 occuponnrt
1687 3345 1749 3422 vel
1765 3357 1870 3446 post·

182 3451 322 3531 modum
340 3453 576 3553 occupabunt,
595 3475 769 3550 cogemus
786 3450 984 3527 omnimodo
1002 3475 1081 3528 cum
1099 3453 1231 3528 effectu
1249 3449 1297 3527 sd
1315 3451 1582 3528 restitucionem
1598 3447 1793 3551 plenariam
1810 3449 1870 3525 t'o·

183 3554 361 3649 mendam,
388 3557 469 3633 sive
487 3557 605 3656 captis
621 3555 828 3655 pignoribus
846 3556 927 3632 siue
945 3555 1050 3632 terris
1078 3566 1115 3630 et
1137 3555 1434 3656 possessionibus
1461 3565 1714 3656 occupatorum
1740 3578 1871 3655 perso-

182 3661 241 3736 nis
264 3660 532 3740 ecclesiasticis
558 3669 595 3734 et
618 3658 792 3736 ecclesiis
816 3661 851 3734 in
876 3659 1028 3735 solutum
1047 3657 1143 3735 datis
1159 3683 1224 3760 pro
1242 3656 1406 3761 dampnis
1422 3661 1590 3760 ipsorum.
1626 3655 1785 3736 Clericis
1803 3683 1870 3733 ou-

182 3775 255 3841 tem
272 3763 590 3842 excommunicetis
609 3773 646 3838 et
661 3762 781 3864 laycis
799 3787 867 3838 non
886 3763 1230 3868 communicabimus,
1257 3789 1326 3842 nec
1344 3775 1503 3864 tempore
1521 3763 1870 3839 excommunicacio-

180 3869 316 3946 nis-vel
333 3866 515 3944 interdicti
532 3865 707 3944 faciemus
724 3867 759 3940 in
778 3878 915 3943 contem
942 3879 1012 3942 tum
1037 3867 1189 3943 clerium
1208 3864 1371 3946 ecclesie
1390 3888 1510 3943 corum
1527 3866 1631 3941 nobis
1649 3864 1771 3940 divino
1788 3864 1870 3940 offi-
1981 3873 1983 3880 ’

181 3972 244 4049 cio
257 3973 446 4050 celebrari.
481 3971 711 4068 Presbiteros
730 3981 768 4046 et
784 3969 877 4046 ulios
894 3893 1051 4048 ciericos
1074 3993 1143 4046 non
1161 3993 1336 4075 cogemus
1353 3971 1547 4046 terroribus
1564 3969 1626 4046 vel
1643 3970 1770 4045 fauore
1786 3979 1870 4045 broc

176 4075 373 4153 celebrare
389 4073 522 4168 diuina,
550 4085 814 4175 contemptores
831 4086 869 4150 et
885 4074 1044 4150 rebelles
1062 4085 1100 4148 et
1114 4071 1365 4150 inobedientes
1383 4074 1478 4148 nollo
1495 4071 1601 4148 modo
1618 4070 1868 4148 defendemus.

181 4179 285 4274 Item,
310 4179 414 4258 liberi
439 4189 540 4256 erunt
561 4179 721 4254 homines
740 4179 904 4280 episcopi
920 4189 959 4252 et
983 4167 1231 4254 cmiooicorum
1250 4177 1320 4253 sibi
1341 4179 1434 4274 (sic)
1455 4177 1557 4253 liberi
1574 4174 1870 4276 sire-osoriptim’i

171 4309 208 4360 a
232 4297 354 4360 strose
380 4293 418 4360 et
440 4281 688 4384 podueroue·')
714 4293 751 4358 et
776 4282 858 4357 eliis
883 4279 1042 4356 omnibus
1067 4280 1330 4372 erectionibus,
1358 4301 1495 4355 necnon
1521 4275 1546 4354 s
1567 4273 1787 4379 recipiendis
1809 4279 1868 4356 rel

178 4387 418 4492 procurandis
436 4387 575 4463 rnrnciis
592 4387 653 4462 vel
669 4387 717 4461 bo
763 4385 872 4460 itibus
888 4385 1033 4477 nostris,
1054 4409 1086 4487 ,o
1101 4395 1183 4460 stou
1199 4385 1261 4461 rel
1279 4381 1661 4461 stooionibusmostris.
1694 4379 1758 4456 Ad
1776 4405 1876 4458 errror-x

181 4493 324 4572 ctioues
349 4502 479 4584 cutem
505 4489 544 4565 id
561 4503 620 4566 est
635 4515 683 4592 po
789 4489 862 4582 θ’),
890 4500 927 4566 et
951 4489 1045 4564 elias
1068 4489 1336 4588 quolesconque
1363 4511 1429 4564 eos
1452 4485 1869 4588 rrollo'teuuscompell'e·

178 4621 273 4672 mus.
304 4597 345 4671 ln
363 4596 475 4672 tribus
492 4606 610 4672 tamen
628 4593 719 4672 solis
738 4593 898 4686 ossibus,
925 4595 958 4670 si
975 4615 1066 4670 casu
1086 4604 1123 4670 et
1139 4614 1207 4668 non
1225 4591 1336 4694 culpo
1351 4603 1476 4668 nostro
1490 4591 1551 4671 rel
1568 4588 1710 4666 militnm
1724 4603 1869 4667 nosno-

226 4853 259 4936 t)
287 4847 521 4943 Hoiplatzgeld.
564 4847 664 4913 Linde
691 4847 736 4912 im
757 4845 907 4914 Glosse-
937 4847 982 4912 Es
1009 4855 1048 4913 ist
1074 4842 1125 4912 die
1153 4844 1461 4915 Grumdsteneruon
1483 4847 1545 4914 dun
1572 4845 1732 4913 tressera:
1759 4858 1870 4911 censos

287 4958 443 5002 erearum.
486 4936 518 5000 S.
540 4931 681 4999 Stencels
702 4931 1003 4998 Urloudessomml.
1024 4935 1056 5000 S.
1080 4933 1130 4999 11.
1451 4962 1454 4971 ·
1656 4943 1659 4950 ’
1804 4973 1807 4980 ·

223 5025 259 5108 1)
287 5021 505 5088 Grundsteuer
525 5043 587 5086 von
609 5019 672 5085 deo
694 5017 819 5084 Helm·
852 5017 979 5088 &urei
1000 5039 1029 5086 ι
1049 5039 1080 5086 r.
1102 5019 1146 5085 0.·
1162 5017 1196 5084 S.
1218 5019 1270 5085 ln.
