4660 5762
616 463 618 466 ⁵
729 509 939 586 nemnem
994 507 1186 584 cenem.
1216 507 1430 584 ocxnrrr.
1848 509 1925 590 aaa

240 711 475 818 qlecepatm
501 715 610 791 rebus
632 711 796 790 totadter
818 708 964 814 spoliati
989 723 1028 790 ct
1050 735 1144 790 nnuc
1171 711 1287 792 eciam
1313 723 1421 788 extmx
1442 721 1597 790 nostram
1630 711 1808 818 dyocesrlr
1838 741 1925 820 pm·

234 819 330 921 joed
362 843 442 895 cum
475 817 645 896 srabib'ns
677 816 812 894 uostris
845 815 988 893 exilium
1022 815 1222 918 pacianum,
1254 816 1307 891 ita
1338 811 1434 915 qnod
1457 815 1561 892 nobis
1595 820 1714 919 etqui
1740 821 1924 898 nobiscum

241 934 326 998 sunt
351 922 519 1024 personis
543 923 676 1000 vienn
702 920 879 1022 querimus
905 917 1061 1014 abunde,
1085 948 1157 996 non
1178 927 1345 996 colentes
1364 927 1506 996 solvere
1523 935 1770 1018 qncnoatrom
1788 931 1926 1002 contin-

268 1040 351 1102 mr
371 1033 570 1102 ecelesiam
594 1031 876 1125 pmenrociom'o
898 1031 1067 1122 imperite
1087 1030 1302 1122 porcionem
1328 1032 1367 1100 ct
1391 1045 1437 1100 no
1461 1023 1679 1100 venerabilis
1704 1027 1816 1126 patris
1838 1052 1925 1130 pre-

266 1130 329 1206 ’cti
355 1126 448 1205 dom.
481 1127 596 1229 legati
628 1126 848 1205 comminatis
877 1126 912 1201 in
946 1152 1014 1203 nos
1046 1126 1143 1204 etin
1174 1123 1268 1204 diem
1293 1125 1441 1229 proletis
1466 1127 1664 1204 sentenciis
1695 1129 1923 1225 involvamur,

61 1279 73 1292 ·
241 1231 491 1414 :drelurp'ium
516 1255 769 1336 oppressorum
803 1229 1055 1331 confugientes
1086 1227 1294 1308 adsedem
1327 1226 1563 1334 apostolicam
1597 1231 1856 1334 appellavimus
1886 1235 1923 1312 iu

267 1359 313 1416 ec
337 1361 385 1414 re
426 1361 466 1412 a:

274 1715 278 1723 .
340 1643 382 1720 ln
416 1644 554 1722 contine
579 1641 710 1725 domini
742 1667 857 1726 amen.
909 1643 993 1720 Nos
1020 1643 1233 1734 Thomas,
1266 1640 1302 1719 d.
1329 1667 1384 1745 gr.
1411 1667 1470 1768 cp.
1495 1643 1654 1739 Wrat,
1686 1655 1802 1722 nom·
1827 1643 1922 1722 faci-
1942 1662 2082 1720 ocnurn.

240 1773 317 1826 nus
343 1749 539 1841 universis,
573 1745 669 1848 qnod
695 1749 762 1824 sub
788 1771 881 1824 anno
906 1745 1036 1824 domini
1060 1743 1327 1826 MCCLXXX
1352 1760 1503 1852 septumo
1529 1774 1641 1851 nuper
1672 1747 1708 1824 in
1735 1773 1828 1827 cena
1853 1747 1922 1826 do·
1953 1729 2072 1858 ‚ffi

238 1853 320 1930 mini
345 1877 425 1932 cnm
441 1851 658 1928 venerabilis
684 1863 798 1952 pater,
834 1849 926 1926 dom.
952 1851 1163 1944 Jacobus,
1191 1849 1299 1952 dgr.
1326 1863 1455 1930 sancte
1473 1851 1762 1930 Gnennensis
1795 1853 1922 1931 eccle-
1954 1883 1980 1941 a,
1997 1891 2080 1955 Αμηι,
2210 1941 2215 1948 .

239 1957 297 2034 sic
322 1954 501 2056 archiep,
536 1955 828 2056 metropolitanus
854 1965 978 2030 noster
1003 1964 1041 2030 et
1065 1979 1133 2030 nos
1158 1979 1230 2030 nna
1255 1981 1333 2032 cum
1358 1956 1451 2057 ipso,
1479 1956 1582 2032 sind
1609 1981 1687 2034 cnm
1711 1966 1921 2058 procurato-

239 2061 337 2136 ribus
363 2060 511 2134 omnium
537 2059 842 2158 suffraganeorum
868 2081 1009 2134 snorum
1035 2057 1329 2160 coepiscoporum
1354 2072 1550 2134 nostrorum
1576 2059 1610 2134 in
1637 2058 1751 2161 Opol
1783 2060 1921 2138 suisse-

239 2187 330 2256 mrrs,
355 2160 574 2240 venerabilis
599 2173 704 2262 pater
728 2171 767 2238 ct
791 2159 991 2236 dominnsJ
998 2159 1208 2250 ohannes,
1235 2159 1356 2238 divina
1382 2162 1618 2240 miseracione
1636 2163 1922 2240 Tusculanus

241 2291 301 2368 ep.
328 2263 534 2358 cardinalis,
561 2276 679 2366 apost.
705 2263 787 2342 sed.
814 2264 902 2364 leg,
928 2261 1109 2341 discretos
1132 2265 1231 2342 viros
1258 2262 1418 2342 dominos
1445 2277 1483 2343 et
1507 2266 1697 2366 magistro·
1715 2265 1857 2344 Adam
1884 2279 1922 2346 et

81 2453 84 2458 ,
239 2370 497 2461 Nicolaum,
533 2369 745 2470 capellanos
770 2378 808 2450 et
832 2367 983 2444 nuncios
1015 2391 1103 2444 suos
1128 2368 1315 2469 speciales
1348 2367 1496 2461 direxit,
1530 2370 1589 2470 qui
1618 2367 1748 2448 ibidem
1779 2369 1921 2472 prelato

240 2472 334 2550 dcrn.
360 2472 635 2574 archiepiscopo
668 2481 706 2548 et
731 2471 834 2547 nobis
858 2471 974 2573 ipsius
1006 2468 1098 2546 dom.
1131 2470 1246 2572 legan'
1275 2472 1416 2548 litteras
1440 2483 1706 2576 presentarunt,
1740 2500 1805 2576 per
1830 2497 1921 2574 quas

240 2574 357 2654 eidem
383 2575 475 2652 dom.
502 2575 790 2698 archiepiscopo,
816 2575 920 2696 nobis
945 2585 983 2651 ct
1000 2575 1136 2696 ceteris
1162 2576 1402 2675 suffraganeis
1428 2577 1506 2652 suis
1532 2578 1670 2655 nomine
1687 2577 1920 2680 procuracioss

239 2691 934 2884 sbllssrblzlboltst
952 2678 1920 2886 fllslto‘,lltbsztlbr‘fitlbllltff

239 2887 449 2979 uicaciouis,
475 2897 515 2961 nt
538 2886 622 2988 ipsa
645 2887 801 2988 pecunia
826 2886 895 2962 sibi
919 2885 1015 2960 inlra
1040 2896 1172 2962 certum
1198 2895 1338 2988 tempus
1354 2887 1588 2964 Venecias
1614 2889 1674 2964 vel
1699 2889 1734 2964 in
1758 2889 1919 2966 Wien-

163 2979 167 2992 ’
240 3017 333 3066 nam
363 2991 479 3092 ipsius
505 2988 598 3066 dom.
631 2989 745 3090 legati
770 2989 1028 3067 mercatoribus
1052 2989 1112 3066 vel
1145 2985 1194 3066 ad
1226 2994 1308 3090 ejus
1335 3015 1510 3069 cameram
1542 2993 1578 3066 in
1605 2992 1780 3092 expensis
1804 2992 1919 3093 ipsius

241 3091 335 3170 dom.
360 3093 635 3196 archiepiscopi,
661 3093 793 3171 nostris
819 3104 857 3170 et
882 3093 1027 3169 aliorum
1061 3115 1203 3168 snorum
1227 3093 1527 3194 suffraganeorum
1555 3104 1592 3171 et
1615 3093 1774 3196 periculo
1800 3095 1918 3172 mitte-

241 3207 355 3290 retur,
380 3195 476 3274 idem
501 3207 619 3274 autem
645 3195 806 3274 dominus
831 3196 1127 3299 archiepiscopus
1153 3207 1191 3274 et
1214 3221 1283 3274 nos
1315 3223 1385 3274 una
1416 3222 1493 3274 cum
1521 3197 1654 3275 ceteris
1680 3197 1919 3298 suffraganeis

241 3301 336 3393 suis,
374 3298 649 3390 considerantes
681 3298 777 3401 qnod
811 3310 943 3376 tantam
975 3325 1142 3376 summam
1181 3323 1296 3402 ymmo
1330 3325 1399 3378 nec
1436 3301 1543 3376 multo
1576 3301 1740 3376 minorem
1773 3301 1918 3380 solvere

241 3405 357 3482 eciam
383 3419 462 3481 cnm
489 3402 642 3506 dompno
663 3405 816 3480 maximo
842 3428 911 3480 non
936 3403 1117 3497 valebant,
1144 3405 1352 3482 sancientes
1378 3429 1422 3481 se
1447 3429 1496 3482 ex
1512 3405 1582 3482 hoc
1604 3405 1741 3480 nimium
1767 3429 1831 3506 pre

240 3509 336 3599 rari,
364 3505 565 3598 adsedem
591 3508 827 3610 apostolicam
853 3534 877 3585 a
902 3517 1000 3584 tanto
1025 3508 1231 3608 gravantine
1256 3507 1480 3610 appellarunt
1494 3509 1531 3600 ¹).
1589 3506 1671 3584 Sed
1701 3507 1796 3586 idem
1853 3533 1919 3584 om.

242 3609 450 3703 cardinalis,
476 3609 698 3712 postmodnm
723 3609 936 3704 advertens,
963 3610 1058 3712 quod
1084 3636 1133 3688 ex
1158 3609 1325 3714 predicta
1349 3637 1484 3690 summa
1509 3611 1673 3689 ecclesia
1696 3612 1918 3690 Polouica

241 3717 379 3794 nimium
397 3715 625 3816 gravabatur,
651 3715 780 3793 rolens
807 3713 996 3816 digmmtcr
1019 3715 1090 3817 ipsi
1106 3715 1323 3794 Polonice
1348 3715 1510 3796 ecclesie
1534 3714 1843 3806 condescendere,
1869 3714 1917 3794 de

241 3845 334 3898 novo
359 3821 430 3922 ipsi
463 3816 557 3893 dom.
591 3819 883 3922 archiepiscopo,
919 3819 1022 3895 nobis
1056 3830 1094 3896 et
1124 3819 1207 3896 aliis
1240 3820 1316 3895 ruis
1349 3820 1587 3920 suffraganeis
1612 3819 1679 3895 Vl.
1713 3819 1796 3896 idus
1819 3819 1916 3897 lunii
1953 3849 1978 3904 s.
1995 3854 2065 3905 aa,

242 3925 336 4002 alias
361 3925 502 4001 litteras
528 3947 617 3998 snas
642 3921 793 4013 misit2),
820 3923 855 3998 in
881 3923 1007 4022 quibus
1032 3948 1200 3998 summam
1224 3923 1320 3999 mille
1345 3933 1483 4002 centum
1501 3947 1693 4000 marcarum
1711 3921 1760 4000 ad
1777 3924 1916 4025 septin-

182 4113 189 4130 ,
242 4039 374 4130 gentas
390 4051 533 4104 marcos
550 4023 693 4101 reduxit
717 4026 754 4101 in
774 4025 1045 4104 Coloniensi
1069 4023 1240 4128 pondere,
1266 4026 1404 4101 nominc
1430 4023 1602 4105 dictamm
1626 4027 1914 4127 procuracionum

243 4132 312 4208 sibi
343 4129 437 4206 inira
473 4125 653 4206 kalendas
678 4129 765 4206 Julii
796 4127 1075 4230 persolvendas,
1101 4128 1304 4230 precipiens
1336 4127 1431 4228 qnod
1455 4129 1490 4204 in
1516 4154 1584 4206 nno
1610 4130 1785 4222 locomm,
1813 4153 1915 4230 quem
1954 4159 1977 4213 ι,
1994 4161 2055 4214 om,

241 4231 403 4312 dominu·
435 4232 732 4335 archiepiscopos
764 4256 843 4308 cnm
876 4232 954 4308 onis
986 4231 1223 4332 suffraganeis
1254 4229 1404 4310 doceret
1434 4229 1712 4334 acceptandum,
1744 4231 1915 4310 videlicet

239 4337 463 4416 Veueciis
488 4337 548 4413 vel
574 4335 769 4412 Wienne
800 4359 866 4414 sen
892 4334 1056 4436 Brngis
1082 4333 1257 4438 dyocesis
1284 4335 1596 4412 'l'ornacensis
1621 4335 1681 4413 rel
1715 4333 1765 4411 ad
1791 4361 1913 4414 came·

239 4467 314 4519 ram
330 4441 446 4543 ipsius
472 4438 601 4516 domini
627 4437 822 4516 cardinalis
848 4437 948 4517 dicta
972 4437 1137 4560 pecnnia,
1162 4437 1278 4541 ipsius
1309 4437 1402 4516 dom.
1427 4439 1702 4542 archiepiscopi,
1728 4450 1850 4516 nostre
1876 4451 1913 4516 et

239 4545 386 4622 aliorum
411 4567 551 4618 suornm
577 4545 881 4645 suffraganeorum
912 4542 1072 4646 periculo
1105 4539 1237 4620 deferri
1270 4539 1420 4620 deberet
1455 4551 1492 4619 et
1524 4539 1655 4619 ibidem
1678 4535 1793 4646 ipsius
1819 4539 1910 4620 dom.

241 4649 354 4750 legati
380 4645 636 4724 mercatoribus
656 4647 742 4726 sire
773 4647 912 4726 nunciis
942 4671 1007 4750 pro
1038 4671 1083 4726 co
1115 4645 1335 4748 integraliter
1365 4647 1564 4748 assignari,
1597 4644 1749 4749 alioquin
1781 4643 1911 4728 dictum
