4594 5774
416 519 494 598 dib
853 517 1063 591 oriundos
1119 517 1398 592 oenxxxw.
1428 517 1683 594 OELXXXV.

416 723 627 822 comburg
652 743 842 822 supremos
867 722 1041 820 mogister
1065 743 1210 798 comme
1236 729 1377 811 nostre,
1410 719 1618 802 undenos
1643 731 1683 798 et
1706 719 1945 800 Jolronnes
1979 720 2111 803 l'rotrus

416 825 466 904 de
492 827 783 922 llosemberg,
818 820 1003 901 Sdenco
1028 820 1078 900 de
1105 823 1373 924 Sternrberg
1399 821 1521 923 judex
1546 824 1685 924 regulis
1709 827 1811 902 curie
1836 850 1903 927 per
1927 826 2111 904 Boenirn

417 943 456 1008 et
481 929 543 1004 elii
569 929 795 1028 quamplures
821 928 934 1002 nostri
959 927 1153 1028 principes,
1180 927 1322 1004 nobiles
1347 938 1386 1006 et
1410 924 1553 1005 fideles.
1587 927 1824 1006 Presencium
1849 931 1918 1007 sub
1943 928 2112 1030 inperio·

416 1034 463 1110 lis
489 1031 692 1131 mejestatis
718 1041 841 1106 nostre
868 1029 990 1130 sigillo
1023 1030 1226 1107 testimonio
1258 1031 1458 1124 literarum,
1491 1029 1611 1107 dubim
1638 1031 1780 1110 Wrot.
1815 1057 1849 1108 u
1876 1030 1969 1108 dom.
1998 1033 2113 1110 mille-

417 1135 506 1212 simo
532 1135 786 1212 trecentesimo
813 1134 1107 1233 qninqnngesinro
1133 1145 1285 1228 octono,
1317 1133 1521 1214 indiccione
1546 1132 1638 1227 XL,
1672 1133 1758 1212 idne
1783 1137 2019 1228 Decembris,
2051 1159 2113 1212 re-

416 1263 563 1340 gnorum
588 1249 786 1313 nostrorum
812 1259 905 1314 enno
933 1234 1207 1330 terciodecimo,
1232 1237 1369 1339 imperii
1394 1262 1483 1314 vero
1509 1249 1635 1338 quarto
1650 1239 1689 1330 ¹).

1108 1667 1417 1756 cccxxxv.

437 1859 802 1944 london-bolmont.
824 1860 880 1922 vlo
903 1861 955 1922 tu
977 1860 1132 1922 lrrrloror
1152 1859 1332 1936 oononprtu
1353 1862 1508 1938 geruum
1528 1862 1659 1935 ιιιιιι,
1687 1861 1734 1924 tio
1756 1863 1840 1924 uolt
1864 1863 2005 1926 locutu
2026 1865 2091 1924 tn

874 1962 1000 2036 llorrose
1022 1962 1110 2022 lolko
1132 1975 1189 2026 roo
1210 1962 1402 2024 triurltrltr
1424 1977 1461 2024 rr
1481 1965 1654 2040 tremorem

911 2121 970 2169 Aur
988 2121 1046 2171 dem
1065 2121 1199 2186 Origiorle
1216 2121 1250 2170 lm
1268 2115 1486 2192 Bon-Arcbive,
1501 2113 1558 2165 nn.
1575 2109 1619 2168 38.

521 2271 564 2348 Ιιι
590 2271 729 2348 nomine
756 2268 886 2346 domini
911 2295 1027 2348 einen.
1079 2271 1188 2347 Arme
1215 2269 1412 2348 rretivitutis
1446 2266 1613 2368 ejusdcm
1638 2267 1825 2344 millesimo
1858 2269 2113 2346 trecentesimo

264 2373 307 2414 '·
341 2378 382 2414 ⁸¹¹·
416 2375 671 2474 sexagesimo,
701 2372 906 2452 indiccione
932 2373 1046 2467 lllll,
1081 2372 1143 2452 die
1169 2373 1316 2450 XXIV.
1349 2373 1483 2450 mensis
1507 2372 1690 2464 leonorii,
1726 2371 1816 2449 horo
1849 2372 1965 2448 noctis
1999 2373 2116 2448 tercie

416 2479 477 2556 vel
504 2478 608 2578 qnasi
633 2478 669 2552 in
695 2475 849 2577 quedam
882 2503 995 2578 parvo
1026 2478 1185 2556 sorbelle
1216 2475 1406 2580 cujusdem
1437 2475 1562 2552 rustici
1594 2476 1631 2552 in
1664 2475 1752 2550 ville
1785 2473 2113 2566 Haloendorst)

416 2605 529 2682 prope
553 2577 697 2681 opidum
727 2579 760 2655 G
769 2582 962 2673 rotkow,
989 2583 1026 2658 in
1051 2606 1122 2680 que
1146 2581 1234 2658 ville
1259 2583 1309 2658 ill.
1337 2581 1517 2682 princeps,
1546 2577 1639 2656 dom.
1663 2578 1825 2670 Bolco,
1853 2575 1929 2653 dux
1956 2577 2112 2654 Swid-

417 2684 649 2774 nicensis,
677 2708 755 2760 cum
781 2709 911 2784 magno
937 2685 1101 2762 exercitu
1127 2685 1277 2762 virorum
1303 2695 1514 2760 armatorum
1539 2683 1814 2782 circumquaque
1834 2682 1965 2781 jacuit,
1991 2683 2114 2782 itaque

417 2810 543 2862 omnes
569 2800 672 2887 porte
698 2787 779 2863 sive
806 2787 915 2864 volve
949 2813 1027 2864 oum
1061 2813 1129 2864 suo
1162 2790 1325 2867 exercitu
1361 2811 1477 2864 ceuse
1502 2784 1702 2862 obsidionis
1728 2783 1816 2862 dicti
1849 2783 1946 2886 opidi
1974 2783 2112 2862 Grot-

418 2890 524 2966 kow
550 2887 693 2966 lirenrnt
718 2889 1005 2984 circumvollste,
1039 2891 1172 2968 fectum
1199 2905 1259 2968 est
1284 2889 1380 2993 qnod
1405 2890 1441 2966 in
1468 2890 1554 2981 mci,
1593 2890 1720 2966 notorii
1745 2889 1880 2991 publici
1905 2900 1944 2966 et
1970 2890 2113 2966 testium

418 2993 697 3094 subscriptorum
724 3003 762 3070 et
786 2995 967 3072 multorum
1001 2992 1050 3072 de
1075 2992 1229 3098 predicti
1263 2993 1368 3072 ducis
1396 2993 1559 3072 exercitu
1586 2993 1781 3094 presencie
1811 2991 2041 3070 honorabiles
2073 3005 2112 3070 ct

418 3093 568 3174 discreti
599 3096 683 3189 viri,
724 3094 818 3174 donn.
852 3098 1095 3201 Philippus
1130 3097 1406 3176 lllorescelli
1439 3107 1476 3176 et
1512 3095 1619 3172 orto
1654 3094 1702 3174 de
1734 3097 1913 3172 Brunno
1945 3097 2111 3174 canonici

418 3199 841 3277 Wrotislonienses
867 3199 1056 3302 adipsum
1083 3201 1176 3278 dom.
1202 3199 1331 3280 dnoem
1356 3199 1553 3302 predictum
1572 3211 1813 3286 occesseurnt
1828 3199 2006 3276 humiliter
2032 3225 2112 3276 conr

418 3301 543 3379 debite
554 3305 768 3380 reverencie
782 3315 819 3380 et
834 3303 904 3384 hcc
923 3306 1035 3380 verbe
1046 3303 1096 3380 od
1107 3305 1222 3406 ipsum
1239 3306 1475 3407 protulerunt:
1493 3303 1664 3404 graciose
1685 3301 1842 3379 domine!
1861 3327 1928 3379 nos
1940 3329 1991 3380 ex
2009 3315 2112 3404 perte

417 3403 633 3484 dominorum
660 3419 856 3482 nostrorum
883 3409 1133 3484 cononiconnn
1159 3408 1616 3485 Wrotislnnicnsinm
1642 3418 1680 3483 et
1706 3407 1845 3484 nominc
1871 3407 2018 3508 capitoli
2044 3433 2111 3484 ec·

418 3509 536 3586 clesie
562 3507 727 3608 ejusdem
753 3511 854 3587 missi
880 3512 1041 3588 venimus
1074 3508 1124 3587 od
1148 3522 1307 3588 vestrum
1333 3511 1505 3612 moion,
1533 3511 1676 3588 sincere
1703 3520 1875 3610 rogantes
1901 3523 1940 3586 et
1965 3508 2111 3603 deuote,

417 3621 594 3710 quotenus
621 3610 727 3689 deum
753 3625 791 3690 et
817 3623 973 3690 nostram
992 3615 1179 3713 justicium
1210 3615 1331 3692 velitis
1361 3615 1544 3716 inspicere
1577 3625 1615 3690 et
1648 3614 1830 3690 rosteriam
1863 3615 2111 3714 oppressionis

416 3714 523 3790 istius
550 3713 647 3816 opidi
673 3717 845 3814 graciose
871 3716 1072 3816 relinquere
1099 3715 1307 3817 dignemini,
1333 3743 1422 3819 pure
1447 3731 1593 3820 propter
1610 3715 1716 3794 deum
1734 3727 1772 3794 et
1791 3717 1978 3817 justiciam
1995 3731 2034 3794 et
2050 3741 2111 3794 re-

419 3815 563 3896 cedetis
590 3818 706 3896 eoiom
732 3819 963 3899 serviciorom
989 3832 1185 3900 nostrorum
1213 3833 1250 3898 ct
1276 3822 1480 3898 orocionum
1507 3817 1711 3897 sedulorum
1739 3822 1784 3896 ob
1811 3833 2031 3922 respectum,
2067 3845 2112 3898 ne

417 3943 600 4022 pauperes
626 3921 688 3996 isti
714 3921 873 4000 homines
900 3935 970 3998 torn
1005 3926 1165 4024 graviter
1196 3925 1437 4024 oldigentrrr.“
1496 3921 1560 3999 Ad
1592 3922 1780 4024 quedem.
1815 3921 1892 3999 dux
1923 3923 2111 4025 predictus

418 4021 621 4126 respondit:
648 4048 723 4116 „co
748 4049 817 4125 quc
843 4025 903 4102 bic
931 4029 1039 4119 focio,
1067 4053 1117 4108 ex
1142 4039 1246 4130 perte
1272 4053 1353 4104 mee
1379 4052 1447 4104 nou
1474 4028 1584 4118 secio,
1616 4024 1687 4103 scd
1713 4052 1762 4104 cx
1789 4038 1891 4128 perte
1917 4027 2112 4129 imperoto-

417 4127 479 4202 ris.
539 4127 767 4234 Presentetis
798 4129 904 4206 michi
938 4141 1097 4208 vestram
1130 4143 1266 4232 portem
1299 4129 1414 4231 opidi,
1453 4155 1524 4231 ego
1556 4131 1736 4208 literarum
1768 4130 2042 4210 confirmacione
2074 4142 2113 4208 et

417 4231 486 4306 snb
512 4253 608 4331 peno
633 4233 1019 4310 excommunicacionis
1052 4259 1109 4310 me
1136 4235 1257 4333 obligo
1283 4235 1405 4324 vobis,
1442 4235 1475 4310 si
1502 4231 1595 4310 dom.
1622 4234 1813 4334 imperator
1832 4235 1992 4334 jubebit,
2027 4257 2113 4311 mox

418 4332 522 4408 vobio
555 4334 755 4426 restituam,
796 4359 867 4434 ego
908 4337 1000 4412 enim
1016 4337 1174 4414 cunctis
1204 4335 1334 4414 diebos
1367 4362 1447 4416 mee
1479 4338 1553 4414 vite
1593 4362 1659 4438 per
1691 4361 1823 4412 morum
1857 4338 1961 4412 moins
1994 4338 2112 4414 noctis

419 4459 617 4534 nuncquom
643 4439 972 4516 excommunicatos
997 4441 1214 4540 permensi.“
1275 4441 1415 4518 Preloti
1448 4452 1567 4520 erotem
1600 4439 1693 4516 dom.
1728 4439 1893 4518 cononici
1926 4437 2110 4518 dixerunt:

419 4537 567 4626 „inclite
593 4537 752 4616 domine!
787 4565 955 4640 rogemus
982 4565 1050 4619 vos
1076 4545 1295 4638 affectuose,
1330 4559 1506 4645 quotenus
1539 4555 1665 4620 vestra
1690 4543 1818 4642 grecie
1844 4553 1994 4643 treugas
2018 4545 2114 4620 inter

419 4660 487 4712 vos
514 4651 552 4716 et
576 4665 644 4716 nos
670 4665 736 4743 per
760 4654 844 4720 octo
870 4641 1006 4724 dierum
1031 4648 1161 4749 specio
1183 4645 1350 4748 dignetur
1372 4659 1546 4739 stetnere,
1574 4659 1612 4721 ot
1629 4646 1887 4748 oppressiones
1905 4644 1993 4725 dieti
2012 4645 2113 4748 opidi

464 4875 496 4952 l)
524 4871 611 4940 Reco
634 4878 735 4944 nition
756 4881 816 4945 wie
836 4883 877 4948 N.
900 4881 1111 4950 cccxxxi.

462 4960 496 5036 Ἰ)
526 4955 595 5020 WS
644 4963 778 5050 ΛΑΜ.
802 4987 863 5032 von
886 4965 1055 5034 Grottlrou.
1118 5065 1122 5080 ¹
