4634 5762
243 730 320 798 luen,

213 799 257 856 itt.
266 805 343 855 nour.

375 507 448 584 Μ
600 615 605 636 .
970 507 1181 580 dstantem
1238 505 1469 581 CXXXIII.

473 707 616 788 Sciatis
634 709 770 800 enimn,
787 707 1019 786 indominica
1036 707 1144 788 Oculi
1154 713 1233 808 jam
1249 709 1288 789 in
1311 709 1530 811 crepuscula
1546 707 1701 790 Inmnlus
1725 707 1882 811 predicti
1895 709 2068 814 pincerne

373 816 486 894 vestri
503 841 528 890 a
545 813 640 891 duce
657 813 707 890 ad
724 838 792 888 ncs
808 811 918 890 rediit
940 811 1117 914 pnrtaudn
1141 811 1318 913 quandam
1342 814 1504 894 clausam
1525 813 1699 906 litteram,
1724 839 1796 913 que
1819 817 1926 892 vebis
1948 815 2067 894 mitte-

373 923 492 1010 batur,
519 917 590 994 sed
615 915 664 996 de
690 919 888 996 secturitate
912 920 1016 994 nobis
1042 915 1166 994 danda
1188 917 1289 992 nnlla
1310 919 1448 996 mencio
1472 919 1614 1018 penius
1638 917 1849 995 habebatur.
1902 920 2066 1015 Domina,

371 1025 468 1100 sicut
489 1047 558 1098 vcs
582 1022 617 1096 in
642 1023 817 1124 prioribus
842 1023 971 1098 litteris
996 1023 1203 1122 rogavimus
1220 1021 1342 1096 missis
1360 1047 1426 1123 per
1446 1020 1625 1098 deminum
1640 1021 1887 1114 morardum,
1915 1025 1972 1101 sic
1996 1023 2066 1103 nd·

371 1128 443 1204 buc
460 1151 647 1226 rogamus,
668 1137 707 1200 ut
722 1138 869 1227 prepter
886 1125 990 1202 deum
1010 1139 1048 1203 et
1064 1125 1232 1204 bonorem
1251 1126 1414 1202 ecclesie
1432 1137 1563 1226 quantu
1581 1127 1697 1203 cicius
1714 1127 1793 1204 tisri
1811 1129 1941 1228 peterit
1956 1153 2067 1229 super

372 1232 598 1310 enecucicnc
622 1231 789 1331 rescripti
813 1231 1006 1331 apustclici
1037 1228 1086 1306 ad
1109 1255 1177 1306 vus
1196 1239 1233 1307 et
1251 1230 1418 1330 collegas
1433 1241 1580 1306 vestras
1598 1228 1727 1308 directi
1753 1230 1804 1307 de
1819 1233 1954 1311 nestris
1977 1257 2065 1310 sen-

371 1335 504 1413 tenciis
526 1334 611 1410 latis
636 1335 850 1411 auctoritate
876 1333 1058 1412 ordinaria
1082 1334 1292 1413 efficaciter·
1309 1331 1504 1410 intendatis
1531 1346 1569 1410 et
1594 1333 1690 1436 quod
1708 1337 1886 1412 execucin
1911 1361 1979 1438 per
1995 1335 2064 1414 nli·

371 1463 475 1540 qvem
492 1438 698 1537 religiosum
715 1437 764 1514 de
781 1441 940 1540 partibus
965 1438 1099 1516 vestris
1117 1439 1198 1532 frat,
1225 1438 1309 1538 qnia
1333 1439 1369 1514 ia
1393 1439 1606 1540 episcopatu
1631 1450 1754 1516 nustm
1779 1439 1895 1516 mttm
1919 1438 1969 1518 ad
1993 1440 2065 1520 lnce

371 1541 575 1621 faciendum
592 1543 723 1644 peterit
739 1543 899 1620 inveniri
1611 1583 1614 1591 ·

476 1647 671 1745 Postquam
694 1646 835 1723 litteras
856 1647 962 1724 vebis
979 1650 1057 1745 jam
1082 1647 1365 1746 scripseramus,
1391 1646 1543 1722 litteram
1561 1655 1721 1722 vestram
1742 1647 1846 1724 nubis
1869 1644 1962 1724 dem.
1977 1647 2062 1724 Ic·

371 1750 533 1826 bannis
559 1751 718 1826 cantoris
743 1751 853 1826 nostri
878 1749 1028 1826 nuncius
1044 1754 1284 1850 presentavit,
1312 1751 1347 1824 in
1366 1776 1437 1848 qua
1453 1749 1556 1825 ucbis
1576 1749 1706 1826 iterate
1724 1749 1940 1843 mandastis,
1968 1749 2063 1852 quud

371 1856 488 1931 lucum
513 1877 581 1928 nnn
606 1855 786 1930 temvinum
810 1854 1022 1943 mutabatis,
1049 1851 1100 1928 ad
1124 1851 1219 1954 quud
1243 1853 1449 1954 paternitati
1472 1867 1617 1946 vestre,
1651 1855 1747 1930 sicut
1768 1855 1803 1930 in
1828 1854 1912 1930 aliis
1933 1855 2062 1935 litteris

371 1956 957 2162 :ttt‘lt‘ttblltttttt
972 1955 1144 2136 itttt
1161 1955 2063 2163 btttlttttittltttntttttt

1155 2117 1165 2152 r
1642 2133 1643 2136 =
1956 2119 1966 2156 r

370 2191 437 2268 per
458 2088 587 2242 telram
613 2163 701 2241 dicti
726 2165 832 2242 ducis
856 2189 926 2241 nec
949 2164 1072 2264 aliqua
1093 2165 1293 2258 securitas,
1321 2164 1402 2241 dum
1428 2166 1500 2242 bec
1522 2166 1749 2267 scripsimus,
1783 2167 1938 2268 prestita
1959 2167 2063 2246 nubis

371 2283 465 2356 erat,
494 2282 531 2346 et
555 2269 589 2344 si
613 2270 728 2345 eciam
752 2269 845 2346 sorte
869 2269 1049 2346 securitas
1074 2267 1231 2360 dabitur,
1265 2270 1321 2345 sic
1346 2271 1517 2345 artabitnr
1539 2283 1697 2371 tempus,
1730 2269 1827 2370 qued
1849 2272 1887 2346 in
1909 2269 2063 2371 siquem

371 2398 494 2450 msam
513 2384 657 2474 pmpter
673 2373 1070 2474 brevitatemtempcris
1088 2371 1138 2448 ud
1155 2373 1271 2450 locum
1289 2371 1474 2450 accedere
1491 2397 1559 2451 nou
1577 2374 1770 2474 poterimus
1788 2372 2043 2475 supradictum.

473 2477 765 2552 Deurinacicuem
784 2479 900 2554 eciam
917 2489 1076 2552 vestram
1093 2501 1168 2552 nnn.
1179 2475 1305 2569 lateat,
1324 2477 1420 2577 qued
1438 2475 1557 2554 dictura
1573 2477 1738 2554 deminus
1756 2476 1843 2570 dux,
1864 2478 1959 2556 ferte
1977 2504 2060 2558 crte·

371 2579 464 2656 dens
482 2605 527 2656 se
543 2605 657 2680 posse
673 2581 833 2657 invenire
850 2581 1027 2682 pecunias
1043 2581 1204 2681 aliquas,
1232 2583 1362 2658 evertit
1385 2581 1538 2682 quedam
1561 2582 1691 2658 altaria
1715 2594 1754 2658 et
1770 2583 1917 2660 carnut
1938 2583 2059 2684 parie-

369 2691 428 2760 tes
452 2684 487 2758 iu
513 2684 678 2760 ecclesie
706 2686 910 2761 monasterii
928 2685 1244 2761 sanctimonialium
1262 2685 1612 2777 Trebnicensis,
1639 2711 1705 2787 per
1728 2685 1823 2786 quud
1847 2686 1998 2778 tanum,
2022 2687 2057 2764 in

370 2811 438 2887 quc
457 2797 553 2862 statu
572 2789 620 2862 sit
637 2814 730 2865 nuuc
746 2787 843 2864 idem
859 2789 1028 2890 princeps
1047 2787 1238 2867 advertere
1257 2789 1459 2890 benignitas
1476 2801 1603 2865 vestra
1617 2802 1751 2891 pumst.
1803 2790 1965 2884 liumine,
1990 2814 2057 2866 nc-

368 2891 494 2969 vciitis
511 2891 645 2982 eciam,
674 2891 768 2992 qued
784 2893 928 2969 litteras
946 2891 1111 2993 ejusdem
1129 2894 1263 2970 teneus
1280 2918 1347 2996 per
1364 2891 1606 2995 supradictum
1627 2895 1831 2995 pincernam
1847 2905 2004 2972 vestrum
2020 2894 2058 2972 in

221 2999 351 3060 stram.
369 2995 527 3074 ercsdnc
546 2993 742 3090 dominice,
769 3022 840 3098 pua
857 3003 1023 3076 cantatur
1040 2995 1165 3090 Oculi,
1192 2998 1318 3098 gracie
1334 3009 1460 3075 vestre
1477 2995 1692 3091 direximus,
1720 2996 1791 3076 sed
1806 2999 1984 3091 timentes,
2009 3022 2058 3076 ae

366 3107 513 3202 prepter
529 3123 714 3200 gwerras,
743 3126 812 3201 que
828 3101 1072 3195 imminebant,
1098 3101 1192 3178 lurte
1209 3103 1245 3178 in
1262 3103 1323 3178 via
1340 3099 1482 3179 diucius
1499 3113 1713 3195 mereretur,
1739 3102 1809 3178 bas
1827 3101 2059 3203 perlatorem

367 3205 610 3306 presencium,
638 3215 676 3280 ut
692 3206 926 3306 negligencia
942 3231 1011 3282 ncn
1028 3231 1221 3309 possemus
1238 3205 1359 3306 argui,
1383 3207 1488 3283 vebis
1505 3207 1709 3284 curavimus
1726 3204 1922 3284 destinans.
1975 3207 2059 3286 De·

367 3317 439 3384 turn
456 3308 550 3384 seria
565 3320 693 3408 quarta
715 3307 1028 3410 pnst'dcminicam
1050 3307 1168 3387 (lculi
2042 3324 2061 3373 ·'

383 3446 386 3457 ·
469 3409 524 3488 Et
540 3412 610 3488 boc
628 3413 838 3512 scripsimus
853 3414 891 3488 in
907 3414 1042 3488 arima:
1068 3413 1253 3512 tingamus
1269 3423 1406 3506 tamen,
1434 3409 1531 3513 quad
1547 3412 1839 3512 qualitercunque
1856 3439 1900 3492 se
1917 3414 2060 3494 haum

368 3511 438 3588 rint
453 3515 627 3613 negucia,
654 3515 740 3590 nulli
757 3516 863 3592 alte'ri
879 3539 1027 3594 causam
1045 3514 1315 3618 subdelegetis,
1341 3517 1374 3594 si
1390 3516 1559 3594 ecclesie
1580 3528 1704 3594 nostre
1721 3515 1889 3618 diligitis,
1917 3529 1957 3596 et
1978 3518 2057 3596 sci-

368 3615 744 3717 musqnnddiligitis,
772 3621 911 3694 bonum.
1103 3627 1108 3633 '
1229 3625 1234 3636 '
1499 3627 1504 3637 '

380 3727 403 3776 -'
470 3721 578 3814 Item,
606 3745 684 3797 cum
702 3727 781 3823 jam
805 3720 1122 3824 expedivissemns
1145 3724 1325 3817 mucium,
1352 3725 1412 3825 qni
1435 3721 1595 3802 debebat
1615 3723 1669 3801 ire
1686 3720 1738 3800 ad
1761 3721 1856 3802 dum.
1874 3725 2057 3829 arehiepi-

367 3847 516 3925 scnpum
533 3825 672 3915 stafim,
699 3849 811 3917 ecce,
839 3825 932 3903 dnm.
952 3823 1028 3902 dux
1043 3825 1080 3902 in
1098 3823 1276 3906 doninica
1293 3828 1541 3906 Reminiscere
1558 3825 1715 3906 edicturm
1730 3829 1767 3904 in
1782 3829 1974 3931 Nysam,
2000 3831 2056 3910 ci·

366 3928 512 4006 vitatem
529 3929 693 4006 ecclesie
710 3935 844 4026 nc'stre,
862 3932 898 4006 in
915 3931 994 4008 suis
1009 3931 1141 4008 litteris
1157 3931 1233 4008 tale
1250 3931 1361 4032 misit:
1387 3938 1484 4032 quod
1500 3941 1624 4010 celtas
1640 3940 1775 4011 ciuium
1793 3942 2056 4012 muncellum

366 4037 672 4132 cclfemiaurum
689 4041 831 4110 audeat
842 4035 1038 4138 'offendere
1050 4039 1203 4132 stabas
1223 4041 1396 4122 Minores,
1419 4041 1489 4112 aad
1506 4043 1562 4114 eis
1577 4042 1732 4135 quilibet
1747 4043 1813 4114 d'et
1827 4047 2058 4138 elemosynas

366 4152 404 4212 et
419 4165 488 4214 nnn
511 4143 604 4214 alibi
628 4143 765 4214 andire
784 4153 1007 4239 presserunt
1027 4145 1157 4216 dicim
1179 4143 1334 4238 efficia,
1358 4147 1432 4216 cisi
1456 4147 1497 4216 in
1511 4147 1675 4216 ccclesia
1696 4147 1862 4240 ipsoram
1871 4145 2056 4242 ΝΜ,

366 4247 462 4318 sicut
477 4247 631 4342 quilibet
647 4257 885 4342 caprulanum
903 4258 940 4320 at
955 4273 1017 4320 ree
1032 4271 1123 4320 suns
1139 4248 1269 4344 diligit
1284 4273 1512 4323 comma.
1530 4307 1534 4318 .
1558 4243 1612 4322 Et
1628 4243 1700 4322 bec
1717 4243 1886 4339 edietum
1910 4246 2057 4350 publi

367 4353 573 4444 campana,'.
588 4347 780 4424 cummunis
797 4357 874 4424 tctc
890 4347 1048 4424 ciuitatis
1064 4347 1196 4448 pupulo
1214 4349 1281 4424 sub
1300 4349 1416 4424 barna
1434 4357 1648 4441 cnnrccatc,
1672 4349 1818 4450 publice
1839 4349 1975 4428 lectumx
1988 4351 2055 4426 Ibit

366 4445 402 4522 iu
420 4446 537 4524 medin
559 4449 638 4526 scm
657 4459 695 4527 et
712 4451 914 4551 expositum
930 4451 966 4526 in
983 4449 1141 4548 vulgari,
1163 4463 1207 4529 et
1228 4449 1416 4533 incudem
1429 4451 1515 4530 lece
1537 4452 1718 4530 constituti
1744 4452 2054 4532 luerunt-investis

367 4561 534 4650 gatcres,
561 4554 619 4652 qui
645 4565 888 4631 scrutarentur
911 4565 983 4628 tem
1005 4555 1188 4632 masculos
1212 4579 1316 4654 quem
1332 4555 1505 4649 feminas,
1530 4557 1592 4656 qui
1607 4581 1679 4634 nan
1693 4559 1786 4635 iiebt
1806 4557 1856 4634 ud
1872 4555 2058 4641 attenta

367 4651 492 4731 ellicia
507 4653 662 4754 ipsorum
678 4657 835 4732 fratrum.
887 4655 941 4734 Et
957 4653 1086 4733 ecdem
1104 4655 1165 4734 die
1183 4658 1283 4734 circa
1299 4659 1421 4735 boram
1438 4661 1680 4761 vespertinam
1705 4686 1828 4738 comes
1849 4663 2053 4742 Pclchcc

365 4756 509 4832 intravit
526 4757 706 4834 civitatem
723 4760 762 4834 N
769 4783 915 4862 ysam,
940 4771 1088 4862 portans
1110 4761 1252 4841 litteras
1276 4760 1479 4842 credencie,
1495 4765 1610 4866 ipsius
1637 4761 1762 4856 ducis,
1787 4766 1914 4866 quibus
1929 4767 2056 4873 perle-

367 4857 437 4936 ctis
456 4885 576 4937 coram
600 4861 730 4962 populo
756 4856 806 4938 ad
823 4863 892 4942 hcc
917 4860 1117 4940 convocatu
1140 4867 1306 4967 precepit
1327 4867 1541 4972 arroteritate
1560 4865 1681 4960 ducist
1708 4883 1750 4968 ut
1765 4875 1838 4974 ipsi
1853 4878 1955 4976 cinca
1971 4879 2052 4946 aut-

366 4971 442 5040 Icm
456 4971 716 5064 permitterent
731 4973 872 5044 intrare
897 4973 1085 5047 ciuitatem
1101 4975 1149 5054 rin
1164 4972 1446 5067 familie-dtur
1472 4979 1642 5073 episcopi
1664 5001 1732 5057 nnn
1743 4982 1925 5075 aliquem
1941 4983 2051 5055 cleri-
