4524 5770
365 549 416 624 28
969 551 1182 634 Urlundena
1239 551 1326 623 XX.
1359 552 1471 623 xxi.

364 757 433 834 ciis
450 753 538 832 dicti
555 755 705 854 juveris
722 755 780 848 N,
808 777 911 855 qnom
936 777 986 832 ex
1009 754 1212 831 testimonio
1237 753 1354 832 eciam
1376 752 1521 831 bonesti
1543 753 1609 830 viri
1628 751 1760 832 decani
1784 755 1896 832 nostri
1914 763 1953 831 et
1969 754 2062 832 ulio-

363 885 439 935 mm
457 859 609 934 virorum
626 861 813 960 proborum
831 869 869 936 et
887 858 1138 938 canonieomm
1154 869 1352 934 nostr-cmm
1375 857 1576 934 invenimus
1601 857 1804 958 hujusmodi
1829 860 1956 958 gracie
1973 883 2063 936 esse

364 963 526 1064 dignum,
554 974 736 1040 auctorem
753 963 949 1040 litterarum
966 958 1179 1056 earundem,
1205 960 1404 1040 secundum
1427 961 1574 1038 sormam
1601 960 1760 1038 mandati
1776 961 1943 1039 traditam
1960 961 2064 1040 nobis

362 1070 399 1144 iu
424 1067 580 1160 eisdem,
617 1091 696 1143 cum
718 1068 799 1168 ipso
823 1066 859 1142 iu
884 1066 1023 1143 nomine
1047 1064 1179 1142 domini
1201 1063 1474 1168 dispensamus,
1517 1076 1555 1140 ut
1578 1063 1766 1160 videlicet,
1801 1091 1869 1142 non
1895 1069 2063 1143 obstante

365 1170 529 1275 predicto
548 1169 696 1248 delectu
714 1195 818 1270 quem
836 1171 983 1272 patitur,
1009 1171 1130 1272 possit
1146 1180 1184 1246 et
1202 1168 1250 1244 ad
1268 1193 1392 1246 omnes
1416 1168 1563 1247 ordines
1579 1171 1777 1277 promoveri
1797 1181 1835 1246 et
1852 1171 2063 1247 beuclioiunr

366 1275 677 1369 ecclesiasticum,
705 1275 821 1351 eciam
839 1275 872 1350 si
890 1299 1010 1351 curam
1029 1273 1220 1348 auimamm
1238 1273 1391 1367 habeat,
1420 1274 1581 1350 obtinere
1606 1285 1644 1350 et
1666 1275 1907 1376 personaliter
1929 1273 2062 1351 deser-

365 1381 442 1456 viat
462 1382 498 1456 in
523 1377 661 1456 eodem.
712 1380 862 1472 Datum,
890 1403 983 1454 auno
1008 1376 1157 1471 domini,
1184 1379 1414 1480 presentibus
1438 1377 1527 1471 biis,
1561 1375 1702 1454 domino
1728 1379 1844 1454 N....
1870 1377 1999 1457 0.....
2027 1389 2066 1455 et

366 1484 448 1560 aliis
466 1483 583 1559 multis
597 1483 636 1572 ¹).

242 1849 311 1904 m
470 1817 662 1896 Universis
678 1825 884 1919 presentem
900 1815 1054 1891 litteram
1071 1814 1307 1916 inspecturis,
1334 1813 1499 1890 Petrus
1517 1811 1736 1907 Saxonis,
1762 1813 1859 1918 prior
1876 1823 1913 1892 et
1931 1872 1940 1889 .
1961 1870 1971 1890 .
1997 1839 2064 1892 ca-

239 1929 315 2000 mb
367 1923 512 2028 pitulum
529 1921 683 1998 basilice
702 1921 809 1996 beate
830 1919 946 1995 Marie
971 1919 1118 2018 majoris
1143 1917 1192 1994 de
1209 1919 1317 2010 urbe,
1343 1919 1378 1992 in
1403 1942 1492 1994 vero
1517 1919 1668 1992 salutari
1692 1918 1856 1995 salntem.
1909 1921 2066 1996 Noverit

211 2003 350 2070 ΜΨ·
367 2027 585 2104 universitas
601 2034 744 2116 vestra,
772 2047 839 2097 uos
856 2021 998 2099 vidisse
1024 2035 1062 2097 et
1077 2021 1288 2124 inspexisse
1306 2017 1483 2122 quandam
1500 2021 1652 2098 litteram
1677 2046 1756 2099 cum
1774 2020 1914 2099 duobus
1932 2023 2064 2124 sigillis
2132 2037 2136 2044 '

369 2131 489 2208 cereis
508 2127 720 2228 sigillatam,
747 2151 816 2201 non
835 2123 1021 2217 abolitam,
1048 2151 1117 2202 nou
1136 2127 1303 2200 abrasum
1322 2149 1391 2202 uec
1410 2125 1650 2202 cancellatam
1675 2151 1791 2226 neque
1816 2126 1851 2201 in
1869 2127 1990 2227 aliqua
2007 2129 2066 2203 sui

367 2247 471 2336 parte
488 2233 669 2324 violatam,
691 2245 850 2308 tenorem
867 2227 1071 2330 hujusmodi
1090 2229 1343 2306 coutinentem:
1363 2227 1409 2302 lu
1427 2229 1596 2305 nomine
1615 2227 1776 2306 domini
1794 2255 1929 2306 amen.
1980 2231 2065 2307 Nos

368 2339 582 2428 Thomas,
610 2333 646 2410 d.
665 2360 719 2434 gr.
738 2334 879 2410 Wrat.
899 2333 1115 2435 episcopus,
1142 2345 1260 2410 notum
1277 2332 1433 2408 lecimus
1448 2333 1648 2425 universis,
1677 2331 1773 2434 quod
1790 2358 1869 2411 curn
1887 2335 1968 2410 olim
1986 2361 2065 2410 ma·

394 2441 518 2518 'strum
543 2438 903 2516 Bartholomeum
927 2434 1253 2531 Oaraucionis,
1282 2435 1490 2514 canonicum
1518 2463 1549 2511 ι.
1566 2437 1685 2513 Mario
1703 2437 1850 2538 majoris
1866 2439 1900 2514 in
1919 2441 2007 2516 urbe
2025 2451 2065 2515 et

368 2467 461 2622 ἴω.
484 2569 581 2647 pape
607 2541 831 2646 capellanum
855 2540 891 2616 in
916 2541 1125 2620 canonicum
1150 2551 1188 2618 et
1210 2541 1356 2618 fratrem
1374 2539 1695 2618 wratislaviensis
1720 2541 1884 2619 ecclesie
1908 2540 1956 2620 de
1975 2566 2065 2620 cou-

369 2673 482 2725 seusu
505 2647 650 2724 fratrum
675 2656 873 2722 nostrorum
899 2646 1114 2724 auctoritate
1141 2643 1346 2748 apostolica
1362 2645 1607 2745 receperimus
1633 2653 1670 2721 et
1689 2643 1806 2722 eidem
1823 2645 1962 2723 nomine
1977 2671 2065 2749 pre·

369 2749 488 2828 beode
506 2747 554 2828 de
573 2751 682 2828 rebus
705 2775 831 2826 mense
856 2773 877 2825 e
903 2749 982 2826 isco
1009 2747 1078 2824 alis
1103 2749 1159 2828 sic
1183 2746 1461 2850 providerimus,
1489 2745 1584 2848 quod
1610 2749 1713 2824 annis
1738 2747 1889 2849 singulis
1910 2775 2064 2827 marcam

370 2855 446 2934 auri
472 2865 510 2932 et
535 2851 715 2931 dimidiam
736 2855 772 2930 in
796 2776 958 2954 pondere
983 2775 1158 2930 l‘olouico
1183 2851 1389 2956 perciperet
1412 2861 1450 2930 et
1470 2849 1505 2926 iu
1531 2849 1697 2954 predicte
1721 2879 1855 2932 summe
1878 2855 2066 2932 solucione

367 2959 592 3064 perpluribus
617 2957 721 3034 annus
739 2957 808 3034 sibi
830 2953 1134 3061 providissemus,
1167 2955 1311 3032 tandem
1336 2951 1534 3033 cumidem
1563 2955 1735 3056 magister
1758 2957 1802 3032 B.
1834 2957 1969 3034 missus
2000 2981 2065 3060 pro

368 3063 534 3164 negociis
558 3061 723 3140 ecclesie
748 3086 814 3164 per
836 3057 1172 3138 reverendissimum
1196 3071 1334 3162 patrem
1359 3071 1533 3154 nostrum,
1567 3057 1743 3136 dominum
1765 3085 1895 3164 popam
1918 3061 2064 3140 Urba-

368 3193 463 3242 num
481 3165 548 3242 IV.
565 3163 615 3244 ad
632 3190 699 3242 uos
716 3162 752 3242 iu
769 3164 1001 3242 Poloniam
1019 3163 1245 3258 advenisset,
1272 3165 1415 3264 rogavit
1432 3188 1499 3240 nos
1516 3161 1602 3239 viva
1618 3189 1725 3256 voce,
1754 3176 1791 3239 ut
1809 3164 1959 3242 eosdem
1977 3162 2065 3244 red·

370 3267 482 3364 ditus,
508 3295 598 3372 quos
624 3266 672 3345 de
698 3294 824 3347 mensa
847 3281 972 3346 nostra
992 3269 1158 3370 recipere
1176 3277 1418 3345 consueverat
1441 3266 1477 3342 iu
1496 3267 1607 3344 certis
1623 3265 1825 3346 redditibus
1841 3294 1966 3346 mense
1985 3269 2065 3392 epi·

370 3371 533 3474 scopolis
552 3383 589 3448 et
606 3369 850 3451 determinatis
874 3371 910 3446 in
934 3371 1054 3472 aliquo
1073 3383 1173 3450 certo
1190 3371 1274 3450 loco
1299 3382 1336 3448 et
1353 3368 1517 3464 definito,
1545 3371 1604 3446 ubi
1622 3369 1773 3448 eandem
1798 3399 1966 3449 summam
1984 3399 2064 3452 srue

370 3473 583 3550 difficultate
606 3487 735 3575 posset
757 3486 857 3551 certo
883 3485 1043 3576 tempore
1066 3501 1132 3576 per
1155 3499 1256 3550 suum
1280 3483 1545 3576 procuratorem
1569 3476 1752 3578 recipere,
1780 3475 1849 3552 sibi
1872 3477 2065 3580 assignare

368 3601 433 3680 pro
451 3577 646 3653 subtractis
664 3579 882 3678 temporibus
907 3601 1124 3654 curaremus.
1175 3577 1260 3654 Nos
1284 3577 1477 3654 honestate
1499 3577 1615 3679 ipsius
1640 3579 1809 3680 inspecta
1832 3589 1870 3656 et
1892 3581 2063 3672 servitiis,

369 3705 440 3782 que
463 3679 604 3756 fecerat
623 3691 659 3756 et
683 3679 810 3756 facere
834 3691 976 3781 poterat
998 3681 1101 3756 nobis
1126 3691 1164 3756 et
1187 3680 1352 3758 ecclesie
1369 3681 1522 3774 Wrat,
1551 3680 1782 3759 attendentes
1808 3683 1935 3776 eciam,
1963 3709 2065 3760 suam

368 3785 584 3888 peticionem
608 3779 656 3860 dc
681 3783 827 3860 racione
851 3781 1073 3884 procedere,
1102 3794 1225 3884 utputa
1247 3781 1344 3884 quod
1367 3794 1406 3860 et
1421 3795 1619 3885 {personam
1643 3787 1807 3888 episcopi
1825 3787 2066 3864 exhonerata

369 3912 458 3966 oura
475 3898 513 3964 et
528 3886 654 3964 labore
672 3883 793 3963 dictos
810 3883 974 3963 redditus
993 3884 1187 3986 colligendi
1204 3887 1265 3963 vel
1291 3886 1360 3964 sibi
1378 3889 1481 3964 aunis
1499 3887 1652 3988 singulis
1675 3888 1955 3982 transmittendi,
1979 3890 2067 3968 item

349 3991 620 4094 ¹rocepc'ioncm
647 3987 745 4068 di‘cte
774 4015 910 4068 summe
934 4015 1001 4092 per
1022 4001 1288 4092 procuratorem
1313 4015 1415 4066 suum
1441 3989 1646 4068 faciendam
1679 3991 1798 4070 eidem
1822 3995 1995 4094 magistro
2017 3995 2065 4070 B.

369 4097 487 4196 magis
499 4095 653 4172 liberam
670 4107 709 4172 et
726 4091 913 4172 comodum
929 4093 1102 4187 faciebat,
1129 4117 1199 4171 sue
1214 4095 1387 4196 peticioni
1401 4095 1600 4172 liberaliter
1615 4097 1841 4174 assensimus
1859 4105 1896 4174 et
1911 4099 2070 4175 libenter

370 4210 409 4274 et
423 4201 458 4274 in
476 4199 728 4278 villa'filiorum
746 4197 933 4276 Ottouis
958 4194 1006 4274 de
1023 4197 1167 4290 Vilin,
1194 4223 1264 4298 qne
1289 4197 1787 4293 diciturPetirsvvald2),
1814 4202 1874 4277 ubi
1891 4202 1982 4278 certi
1998 4227 2069 4277 su-

371 4326 459 4388 mus,
485 4300 649 4378 redditus
668 4313 811 4379 nostros
830 4301 1084 4406 episcopales,
1111 4302 1227 4402 quiin
1252 4299 1404 4379 decimis
1429 4301 1647 4397 consistunt,
1675 4301 1724 4378 ad
1742 4304 1962 4381 solucionem
1978 4329 2070 4410 pre-

415 4572 450 4658 ι)
475 4568 527 4636 ι).
547 4539 614 4634 'ssa
634 4571 732 4670 sapt
751 4571 950 4654 mariv,
971 4573 1029 4640 us
1047 4577 1103 4640 m
1122 4573 1155 4639 a
1177 4573 1320 4640 occsa
1339 4573 1425 4642 mco
1444 4543 1542 4657 aaa,
1561 4575 1679 4672 ,aa
1700 4575 1746 4642 nn
1765 4575 1794 4642 s.
1817 4573 1901 4642 rana
1920 4575 1981 4641 nat
2000 4575 2073 4642 usn

387 4704 391 4712 .
476 4653 577 4804 dngpl
636 4654 765 4720 uberben
785 4655 846 4722 der
865 4656 1084 4724 Schleaincbeu
1097 4657 1219 4724 Kimlre
1239 4657 1315 4724 sehr
1443 4665 1451 4684 ⁶
1479 4661 1486 4678 '
1570 4685 1607 4728 so
1629 4659 1712 4726 habe
1733 4660 1787 4727 leh
1807 4659 2072 4728 dieseUrlunde

394 4781 406 4802 ·,
476 4738 543 4808 olm
600 4737 1503 4851 ahrmdn'agden'dumtellungauchvvegeuderlo
1555 4743 2073 4840 ndenhierhergmtnalieide

475 4823 547 4890 sind
567 4821 781 4919 merkvviirdrg
802 4849 916 4919 genug.

412 4927 447 5012 a)
475 4925 629 4994 vonna.
648 4923 916 4994 somnum·
943 4927 1008 4994 un
1028 4929 1157 4996 vvsvv.
1183 4929 1282 5022 pu
1302 4953 1366 4998 von
1386 4876 1613 5000 sestam
1633 4931 1767 5026 gamm
1792 4953 1853 4998 m
1872 4929 2076 5004 unumn-

475 5011 985 5080 mandassemus-m
1306 5022 1310 5045 ·
1805 5067 1809 5072 ,
