<?xml version="1.0" encoding="UTF-8"?>
<!DOCTYPE html PUBLIC "-//W3C//DTD XHTML 1.0 Transitional//EN"
    "http://www.w3.org/TR/xhtml1/DTD/xhtml1-transitional.dtd">
<html xmlns="http://www.w3.org/1999/xhtml" xml:lang="en" lang="en">
 <head>
  <title>
</title>
<meta http-equiv="Content-Type" content="text/html;charset=utf-8" />
  <meta name='ocr-system' content='tesseract 3.04.00' />
  <meta name='ocr-capabilities' content='ocr_page ocr_carea ocr_par ocr_line ocrx_word'/>
</head>
<body>
  <div class='ocr_page' id='page_1' title='image "./urkundenzurgesc00stengoog_0435.png"; bbox 0 0 4594 5774; ppageno 0'>
   <div class='ocr_carea' id='block_1_1' title="bbox 419 449 1626 612">
    <p class='ocr_par' dir='ltr' id='par_1_1' title="bbox 419 449 1626 612">
     <span class='ocr_line' id='line_1_1' title="bbox 419 449 1626 612; baseline -0.002 -35"><span class='ocrx_word' id='word_1_1' title='bbox 419 449 497 578; x_wconf 76' lang='lat' dir='ltr'><strong>are</strong></span> <span class='ocrx_word' id='word_1_2' title='bbox 832 605 835 612; x_wconf 68' lang='lat'><strong>,</strong></span> <span class='ocrx_word' id='word_1_3' title='bbox 872 512 876 523; x_wconf 95' lang='lat'>·</span> <span class='ocrx_word' id='word_1_4' title='bbox 909 501 1120 575; x_wconf 59' lang='lat' dir='ltr'><strong>nasama</strong></span> <span class='ocrx_word' id='word_1_5' title='bbox 1176 499 1461 574; x_wconf 80' lang='lat' dir='ltr'><strong>cccxxxrx.</strong></span> <span class='ocrx_word' id='word_1_6' title='bbox 1492 498 1626 574; x_wconf 80' lang='lat' dir='ltr'><strong>ccxc</strong></span> 
     </span>
    </p>
   </div>
   <div class='ocr_carea' id='block_1_2' title="bbox 345 699 2115 2353">
    <p class='ocr_par' dir='ltr' id='par_1_2' title="bbox 345 699 2115 2353">
     <span class='ocr_line' id='line_1_2' title="bbox 345 699 2112 807; baseline 0.001 -27"><span class='ocrx_word' id='word_1_7' title='bbox 345 779 348 789; x_wconf 17' lang='grc' dir='ltr'><strong>Α</strong></span> <span class='ocrx_word' id='word_1_8' title='bbox 418 703 544 780; x_wconf 81' lang='lat' dir='ltr'><strong>rabilis</strong></span> <span class='ocrx_word' id='word_1_9' title='bbox 568 704 634 797; x_wconf 79' lang='lat' dir='ltr'><strong>vir,</strong></span> <span class='ocrx_word' id='word_1_10' title='bbox 662 700 824 780; x_wconf 83' lang='lat' dir='ltr'><strong>dondnus</strong></span> <span class='ocrx_word' id='word_1_11' title='bbox 849 703 1105 795; x_wconf 87' lang='lat' dir='ltr'><strong>Johannes,</strong></span> <span class='ocrx_word' id='word_1_12' title='bbox 1132 705 1337 804; x_wconf 76' lang='lat' dir='ltr'><strong>prepositus</strong></span> <span class='ocrx_word' id='word_1_13' title='bbox 1364 699 1672 796; x_wconf 75' lang='lat' dir='ltr'><strong>Calisienris,</strong></span> <span class='ocrx_word' id='word_1_14' title='bbox 1699 703 1990 780; x_wconf 79' lang='lat' dir='ltr'><strong>Gneunensis</strong></span> <span class='ocrx_word' id='word_1_15' title='bbox 2014 703 2112 807; x_wconf 92' lang='lat' dir='ltr'><strong>dyo-</strong></span> 
     </span>
     <span class='ocr_line' id='line_1_3' title="bbox 420 805 2113 908; baseline -0.002 -22"><span class='ocrx_word' id='word_1_16' title='bbox 420 808 534 900; x_wconf 84' lang='lat' dir='ltr'><strong>cesis,</strong></span> <span class='ocrx_word' id='word_1_17' title='bbox 562 805 738 884; x_wconf 82' lang='lat' dir='ltr'><strong>e&#39;xccntor</strong></span> <span class='ocrx_word' id='word_1_18' title='bbox 763 805 812 882; x_wconf 86' lang='lat' dir='ltr'><strong>ad</strong></span> <span class='ocrx_word' id='word_1_19' title='bbox 837 807 1083 908; x_wconf 76' lang='lat' dir='ltr'><strong>infrascripta</strong></span> <span class='ocrx_word' id='word_1_20' title='bbox 1107 831 1174 908; x_wconf 92' lang='lat' dir='ltr'><strong>per</strong></span> <span class='ocrx_word' id='word_1_21' title='bbox 1198 805 1434 884; x_wconf 83' lang='lat' dir='ltr'><strong>reverendum</strong></span> <span class='ocrx_word' id='word_1_22' title='bbox 1459 809 1494 882; x_wconf 91' lang='lat' dir='ltr'><strong>in</strong></span> <span class='ocrx_word' id='word_1_23' title='bbox 1520 806 1670 885; x_wconf 81' lang='lat' dir='ltr'><strong>Christo</strong></span> <span class='ocrx_word' id='word_1_24' title='bbox 1696 817 1832 908; x_wconf 88' lang='lat' dir='ltr'><strong>patrem</strong></span> <span class='ocrx_word' id='word_1_25' title='bbox 1860 819 1907 884; x_wconf 88' lang='lat' dir='ltr'><strong>et&#39;</strong></span> <span class='ocrx_word' id='word_1_26' title='bbox 1923 806 2113 900; x_wconf 86' lang='lat' dir='ltr'><strong>domiuum,</strong></span> 
     </span>
     <span class='ocr_line' id='line_1_4' title="bbox 421 907 2113 1013; baseline 0 -26"><span class='ocrx_word' id='word_1_27' title='bbox 421 908 513 987; x_wconf 84' lang='lat' dir='ltr'><strong>dom.</strong></span> <span class='ocrx_word' id='word_1_28' title='bbox 538 911 824 1004; x_wconf 85' lang='lat' dir='ltr'><strong>Jarnslaum,</strong></span> <span class='ocrx_word' id='word_1_29' title='bbox 859 907 981 986; x_wconf 84' lang='lat' dir='ltr'><strong>diuina</strong></span> <span class='ocrx_word' id='word_1_30' title='bbox 1010 907 1248 1011; x_wconf 78' lang='lat' dir='ltr'>providencia</span> <span class='ocrx_word' id='word_1_31' title='bbox 1280 935 1311 985; x_wconf 89' lang='lat' dir='ltr'><strong>s.</strong></span> <span class='ocrx_word' id='word_1_32' title='bbox 1339 910 1628 988; x_wconf 80' lang='lat' dir='ltr'><strong>Gueznensis</strong></span> <span class='ocrx_word' id='word_1_33' title='bbox 1662 910 1827 990; x_wconf 89' lang='lat' dir='ltr'><strong>ecclesie</strong></span> <span class='ocrx_word' id='word_1_34' title='bbox 1858 911 2113 1013; x_wconf 84' lang='lat' dir='ltr'><strong>archicpisco-</strong></span> 
     </span>
     <span class='ocr_line' id='line_1_5' title="bbox 419 1011 2113 1116; baseline 0.002 -29"><span class='ocrx_word' id='word_1_35' title='bbox 419 1040 503 1116; x_wconf 86' lang='lat' dir='ltr'><strong>pum</strong></span> <span class='ocrx_word' id='word_1_36' title='bbox 528 1014 739 1114; x_wconf 73' lang='lat' dir='ltr'><strong>specialiter</strong></span> <span class='ocrx_word' id='word_1_37' title='bbox 764 1012 976 1114; x_wconf 86' lang='lat' dir='ltr'><strong>deputatus,</strong></span> <span class='ocrx_word' id='word_1_38' title='bbox 1013 1011 1188 1112; x_wconf 89' lang='lat' dir='ltr'><strong>quandam</strong></span> <span class='ocrx_word' id='word_1_39' title='bbox 1214 1012 1365 1092; x_wconf 89' lang='lat' dir='ltr'><strong>litteram</strong></span> <span class='ocrx_word' id='word_1_40' title='bbox 1392 1023 1590 1114; x_wconf 86' lang='lat' dir='ltr'><strong>patentem,</strong></span> <span class='ocrx_word' id='word_1_41' title='bbox 1624 1015 1691 1088; x_wconf 89' lang='lat' dir='ltr'><strong>sub</strong></span> <span class='ocrx_word' id='word_1_42' title='bbox 1718 1013 1844 1112; x_wconf 88' lang='lat' dir='ltr'><strong>majori</strong></span> <span class='ocrx_word' id='word_1_43' title='bbox 1869 1013 2024 1115; x_wconf 76' lang='lat' dir='ltr'><strong>predicti</strong></span> <span class='ocrx_word' id='word_1_44' title='bbox 2049 1039 2113 1092; x_wconf 89' lang='lat' dir='ltr'><strong>re·</strong></span> 
     </span>
     <span class='ocr_line' id='line_1_6' title="bbox 422 1114 2115 1218; baseline 0.001 -26"><span class='ocrx_word' id='word_1_45' title='bbox 422 1115 569 1208; x_wconf 85' lang='lat' dir='ltr'><strong>vereudi</strong></span> <span class='ocrx_word' id='word_1_46' title='bbox 595 1118 710 1218; x_wconf 90' lang='lat' dir='ltr'><strong>patris</strong></span> <span class='ocrx_word' id='word_1_47' title='bbox 737 1114 867 1192; x_wconf 91' lang='lat' dir='ltr'><strong>domini</strong></span> <span class='ocrx_word' id='word_1_48' title='bbox 891 1117 918 1196; x_wconf 89' lang='lat' dir='ltr'>J</span> <span class='ocrx_word' id='word_1_49' title='bbox 925 1117 1111 1217; x_wconf 89' lang='lat' dir='ltr'><strong>aroslay</strong></span> <span class='ocrx_word' id='word_1_50' title='bbox 1137 1115 1404 1217; x_wconf 87' lang='lat' dir='ltr'><strong>archiepiscopi</strong></span> <span class='ocrx_word' id='word_1_51' title='bbox 1437 1116 1559 1216; x_wconf 80' lang='lat' dir='ltr'><strong>sigillo</strong></span> <span class='ocrx_word' id='word_1_52' title='bbox 1584 1115 1873 1217; x_wconf 87' lang='lat' dir='ltr'><strong>subappeudenti</strong></span> <span class='ocrx_word' id='word_1_53' title='bbox 1889 1118 1925 1192; x_wconf 91' lang='lat' dir='ltr'><strong>in</strong></span> <span class='ocrx_word' id='word_1_54' title='bbox 1942 1117 2115 1218; x_wconf 82' lang='lat' dir='ltr'><strong>pressula</strong></span> 
     </span>
     <span class='ocr_line' id='line_1_7' title="bbox 421 1217 2112 1322; baseline -0.001 -24"><span class='ocrx_word' id='word_1_55' title='bbox 421 1223 630 1322; x_wconf 78' lang='lat' dir='ltr'><strong>pergameni</strong></span> <span class='ocrx_word' id='word_1_56' title='bbox 665 1221 877 1321; x_wconf 83' lang='lat' dir='ltr'><strong>sigillatam,</strong></span> <span class='ocrx_word' id='word_1_57' title='bbox 921 1217 1100 1320; x_wconf 81' lang='lat' dir='ltr'><strong>quoddam</strong></span> <span class='ocrx_word' id='word_1_58' title='bbox 1135 1219 1291 1318; x_wconf 84' lang='lat' dir='ltr'><strong>sigillum</strong></span> <span class='ocrx_word' id='word_1_59' title='bbox 1325 1230 1405 1296; x_wconf 89' lang='lat' dir='ltr'><strong>erat</strong></span> <span class='ocrx_word' id='word_1_60' title='bbox 1439 1219 1595 1319; x_wconf 82' lang='lat' dir='ltr'><strong>oblongc</strong></span> <span class='ocrx_word' id='word_1_61' title='bbox 1629 1220 1765 1319; x_wconf 80' lang='lat' dir='ltr'><strong>ligure,</strong></span> <span class='ocrx_word' id='word_1_62' title='bbox 1803 1218 1852 1296; x_wconf 91' lang='lat' dir='ltr'><strong>de</strong></span> <span class='ocrx_word' id='word_1_63' title='bbox 1885 1245 1973 1298; x_wconf 87' lang='lat' dir='ltr'><strong>cera</strong></span> <span class='ocrx_word' id='word_1_64' title='bbox 2009 1245 2112 1297; x_wconf 91' lang='lat' dir='ltr'><strong>conr-</strong></span> 
     </span>
     <span class='ocr_line' id='line_1_8' title="bbox 422 1320 2112 1425; baseline -0.001 -25"><span class='ocrx_word' id='word_1_65' title='bbox 422 1325 514 1400; x_wconf 89' lang='lat' dir='ltr'><strong>ruuni</strong></span> <span class='ocrx_word' id='word_1_66' title='bbox 539 1324 619 1400; x_wconf 85' lang='lat' dir='ltr'><strong>sive</strong></span> <span class='ocrx_word' id='word_1_67' title='bbox 645 1324 791 1424; x_wconf 82' lang='lat' dir='ltr'><strong>glauca,</strong></span> <span class='ocrx_word' id='word_1_68' title='bbox 820 1324 1007 1400; x_wconf 90' lang='lat' dir='ltr'><strong>continens</strong></span> <span class='ocrx_word' id='word_1_69' title='bbox 1032 1323 1068 1398; x_wconf 92' lang='lat' dir='ltr'><strong>in</strong></span> <span class='ocrx_word' id='word_1_70' title='bbox 1094 1323 1150 1398; x_wconf 91' lang='lat' dir='ltr'><strong>sni</strong></span> <span class='ocrx_word' id='word_1_71' title='bbox 1176 1320 1294 1398; x_wconf 89' lang='lat' dir='ltr'><strong>medio</strong></span> <span class='ocrx_word' id='word_1_72' title='bbox 1321 1324 1389 1399; x_wconf 89' lang='lat' dir='ltr'><strong>sub</strong></span> <span class='ocrx_word' id='word_1_73' title='bbox 1416 1321 1568 1424; x_wconf 88' lang='lat' dir='ltr'><strong>quodam</strong></span> <span class='ocrx_word' id='word_1_74' title='bbox 1586 1324 1733 1425; x_wconf 93' lang='lat' dir='ltr'><strong>cyborio</strong></span> <span class='ocrx_word' id='word_1_75' title='bbox 1760 1323 1913 1399; x_wconf 87' lang='lat' dir='ltr'><strong>meniato</strong></span> <span class='ocrx_word' id='word_1_76' title='bbox 1941 1334 1979 1400; x_wconf 89' lang='lat' dir='ltr'><strong>et</strong></span> <span class='ocrx_word' id='word_1_77' title='bbox 2004 1325 2112 1398; x_wconf 84' lang='lat' dir='ltr'><strong>tuni-</strong></span> 
     </span>
     <span class='ocr_line' id='line_1_9' title="bbox 422 1423 2113 1528; baseline -0.001 -24"><span class='ocrx_word' id='word_1_78' title='bbox 422 1429 490 1504; x_wconf 88' lang='lat' dir='ltr'><strong>bus</strong></span> <span class='ocrx_word' id='word_1_79' title='bbox 516 1424 690 1517; x_wconf 88' lang='lat' dir='ltr'><strong>decorato</strong></span> <span class='ocrx_word' id='word_1_80' title='bbox 714 1428 918 1528; x_wconf 78' lang='lat' dir='ltr'><strong>ymaginem</strong></span> <span class='ocrx_word' id='word_1_81' title='bbox 944 1426 1138 1526; x_wconf 83' lang='lat' dir='ltr'><strong>sculptam,</strong></span> <span class='ocrx_word' id='word_1_82' title='bbox 1175 1427 1438 1527; x_wconf 84' lang='lat' dir='ltr'><strong>pontificalibus</strong></span> <span class='ocrx_word' id='word_1_83' title='bbox 1463 1424 1640 1520; x_wconf 90' lang='lat' dir='ltr'><strong>indutam,</strong></span> <span class='ocrx_word' id='word_1_84' title='bbox 1674 1423 1862 1503; x_wconf 84' lang='lat' dir='ltr'><strong>sedentem</strong></span> <span class='ocrx_word' id='word_1_85' title='bbox 1892 1428 1928 1502; x_wconf 92' lang='lat' dir='ltr'><strong>in</strong></span> <span class='ocrx_word' id='word_1_86' title='bbox 1962 1427 2113 1528; x_wconf 88' lang='lat' dir='ltr'><strong>episco-</strong></span> 
     </span>
     <span class='ocr_line' id='line_1_10' title="bbox 420 1527 2114 1632; baseline 0.001 -26"><span class='ocrx_word' id='word_1_87' title='bbox 420 1530 495 1632; x_wconf 88' lang='lat' dir='ltr'><strong>pali</strong></span> <span class='ocrx_word' id='word_1_88' title='bbox 521 1531 614 1606; x_wconf 92' lang='lat' dir='ltr'><strong>solio</strong></span> <span class='ocrx_word' id='word_1_89' title='bbox 640 1531 721 1607; x_wconf 86' lang='lat' dir='ltr'><strong>sive</strong></span> <span class='ocrx_word' id='word_1_90' title='bbox 748 1528 859 1620; x_wconf 77' lang='lat' dir='ltr'><strong>sede3</strong></span> <span class='ocrx_word' id='word_1_91' title='bbox 887 1554 956 1630; x_wconf 90' lang='lat' dir='ltr'><strong>que</strong></span> <span class='ocrx_word' id='word_1_92' title='bbox 982 1527 1122 1629; x_wconf 88' lang='lat' dir='ltr'><strong>quidem</strong></span> <span class='ocrx_word' id='word_1_93' title='bbox 1148 1553 1280 1631; x_wconf 81' lang='lat' dir='ltr'><strong>ymago</strong></span> <span class='ocrx_word' id='word_1_94' title='bbox 1307 1527 1472 1606; x_wconf 76' lang='lat' dir='ltr'><strong>dextram</strong></span> <span class='ocrx_word' id='word_1_95' title='bbox 1498 1556 1636 1605; x_wconf 90' lang='lat' dir='ltr'><strong>manum</strong></span> <span class='ocrx_word' id='word_1_96' title='bbox 1662 1540 1821 1608; x_wconf 86' lang='lat' dir='ltr'><strong>erectam</strong></span> <span class='ocrx_word' id='word_1_97' title='bbox 1837 1530 1942 1629; x_wconf 88' lang='lat' dir='ltr'><strong>quasi</strong></span> <span class='ocrx_word' id='word_1_98' title='bbox 1967 1529 2018 1605; x_wconf 88' lang='lat' dir='ltr'><strong>ad</strong></span> <span class='ocrx_word' id='word_1_99' title='bbox 2042 1531 2114 1608; x_wconf 90' lang='lat' dir='ltr'><strong>be-</strong></span> 
     </span>
     <span class='ocr_line' id='line_1_11' title="bbox 420 1631 2113 1735; baseline 0 -27"><span class='ocrx_word' id='word_1_100' title='bbox 420 1631 658 1710; x_wconf 87' lang='lat' dir='ltr'><strong>nedicendum</strong></span> <span class='ocrx_word' id='word_1_101' title='bbox 686 1644 723 1709; x_wconf 91' lang='lat' dir='ltr'><strong>et</strong></span> <span class='ocrx_word' id='word_1_102' title='bbox 748 1635 783 1708; x_wconf 93' lang='lat' dir='ltr'><strong>iu</strong></span> <span class='ocrx_word' id='word_1_103' title='bbox 810 1634 956 1708; x_wconf 90' lang='lat' dir='ltr'><strong>sinistra</strong></span> <span class='ocrx_word' id='word_1_104' title='bbox 980 1657 1082 1708; x_wconf 88' lang='lat' dir='ltr'><strong>manu</strong></span> <span class='ocrx_word' id='word_1_105' title='bbox 1111 1633 1274 1708; x_wconf 86' lang='lat' dir='ltr'><strong>baculum</strong></span> <span class='ocrx_word' id='word_1_106' title='bbox 1300 1633 1412 1708; x_wconf 88' lang='lat' dir='ltr'><strong>tenuit</strong></span> <span class='ocrx_word' id='word_1_107' title='bbox 1437 1634 1674 1735; x_wconf 70' lang='lat' dir='ltr'><strong>pastoralem</strong></span> <span class='ocrx_word' id='word_1_108' title='bbox 1708 1635 1774 1708; x_wconf 93' lang='lat' dir='ltr'><strong>sub</strong></span> <span class='ocrx_word' id='word_1_109' title='bbox 1802 1641 1907 1733; x_wconf 87' lang='lat' dir='ltr'><strong>cujus</strong></span> <span class='ocrx_word' id='word_1_110' title='bbox 1933 1633 2113 1734; x_wconf 79' lang='lat' dir='ltr'><strong>ymaginis</strong></span> 
     </span>
     <span class='ocr_line' id='line_1_12' title="bbox 420 1733 2112 1838; baseline -0.001 -25"><span class='ocrx_word' id='word_1_111' title='bbox 420 1735 577 1837; x_wconf 89' lang='lat' dir='ltr'><strong>pedibus</strong></span> <span class='ocrx_word' id='word_1_112' title='bbox 609 1737 773 1838; x_wconf 89' lang='lat' dir='ltr'><strong>clippeus</strong></span> <span class='ocrx_word' id='word_1_113' title='bbox 806 1737 971 1835; x_wconf 81' lang='lat' dir='ltr'><strong>signatus</strong></span> <span class='ocrx_word' id='word_1_114' title='bbox 1003 1737 1140 1836; x_wconf 80' lang='lat' dir='ltr'><strong>sagitta</strong></span> <span class='ocrx_word' id='word_1_115' title='bbox 1174 1737 1254 1812; x_wconf 84' lang='lat' dir='ltr'><strong>sive</strong></span> <span class='ocrx_word' id='word_1_116' title='bbox 1284 1736 1402 1829; x_wconf 82' lang='lat' dir='ltr'><strong>tholo,</strong></span> <span class='ocrx_word' id='word_1_117' title='bbox 1437 1761 1507 1835; x_wconf 92' lang='lat' dir='ltr'><strong>que</strong></span> <span class='ocrx_word' id='word_1_118' title='bbox 1540 1737 1601 1812; x_wconf 85' lang='lat' dir='ltr'><strong>vel</strong></span> <span class='ocrx_word' id='word_1_119' title='bbox 1634 1733 1730 1838; x_wconf 92' lang='lat' dir='ltr'><strong>qnod</strong></span> <span class='ocrx_word' id='word_1_120' title='bbox 1765 1747 1836 1812; x_wconf 89' lang='lat' dir='ltr'><strong>tarn</strong></span> <span class='ocrx_word' id='word_1_121' title='bbox 1867 1738 1903 1811; x_wconf 95' lang='lat' dir='ltr'><strong>in</strong></span> <span class='ocrx_word' id='word_1_122' title='bbox 1935 1737 2112 1838; x_wconf 83' lang='lat' dir='ltr'><strong>superiori</strong></span> 
     </span>
     <span class='ocr_line' id='line_1_13' title="bbox 421 1836 2112 1940; baseline 0 -26"><span class='ocrx_word' id='word_1_123' title='bbox 421 1851 525 1940; x_wconf 90' lang='lat' dir='ltr'><strong>parte</strong></span> <span class='ocrx_word' id='word_1_124' title='bbox 557 1865 659 1939; x_wconf 90' lang='lat' dir='ltr'><strong>quam</strong></span> <span class='ocrx_word' id='word_1_125' title='bbox 692 1840 851 1916; x_wconf 79' lang='lat' dir='ltr'><strong>inferiori</strong></span> <span class='ocrx_word' id='word_1_126' title='bbox 883 1841 949 1938; x_wconf 78' lang='lat' dir='ltr'><strong>luit</strong></span> <span class='ocrx_word' id='word_1_127' title='bbox 982 1837 1195 1940; x_wconf 86' lang='lat' dir='ltr'><strong>dispositum</strong></span> <span class='ocrx_word' id='word_1_128' title='bbox 1232 1837 1281 1914; x_wconf 89' lang='lat' dir='ltr'><strong>ad</strong></span> <span class='ocrx_word' id='word_1_129' title='bbox 1313 1836 1511 1917; x_wconf 81' lang='lat' dir='ltr'><strong>feriendum</strong></span> <span class='ocrx_word' id='word_1_130' title='bbox 1544 1841 1624 1915; x_wconf 86' lang='lat' dir='ltr'><strong>sive</strong></span> <span class='ocrx_word' id='word_1_131' title='bbox 1658 1849 1777 1940; x_wconf 88' lang='lat' dir='ltr'><strong>aptum</strong></span> <span class='ocrx_word' id='word_1_132' title='bbox 1815 1841 1861 1915; x_wconf 85' lang='lat' dir='ltr'><strong>eb</strong></span> <span class='ocrx_word' id='word_1_133' title='bbox 1893 1840 2112 1916; x_wconf 89' lang='lat' dir='ltr'><strong>intuentibus</strong></span> 
     </span>
     <span class='ocr_line' id='line_1_14' title="bbox 421 1940 2110 2045; baseline 0.001 -29"><span class='ocrx_word' id='word_1_134' title='bbox 421 1942 534 2042; x_wconf 88' lang='lat' dir='ltr'><strong>pn&#39;ma</strong></span> <span class='ocrx_word' id='word_1_135' title='bbox 559 1943 657 2020; x_wconf 83' lang='lat' dir='ltr'><strong>facie</strong></span> <span class='ocrx_word' id='word_1_136' title='bbox 682 1941 884 2019; x_wconf 87' lang='lat' dir='ltr'><strong>ridebatur.</strong></span> <span class='ocrx_word' id='word_1_137' title='bbox 937 1943 979 2016; x_wconf 93' lang='lat' dir='ltr'><strong>ln</strong></span> <span class='ocrx_word' id='word_1_138' title='bbox 1006 1943 1303 2021; x_wconf 79' lang='lat' dir='ltr'><strong>circumferencia</strong></span> <span class='ocrx_word' id='word_1_139' title='bbox 1327 1967 1415 2019; x_wconf 87' lang='lat' dir='ltr'><strong>vero</strong></span> <span class='ocrx_word' id='word_1_140' title='bbox 1443 1940 1608 2042; x_wconf 89' lang='lat' dir='ltr'><strong>ejusdem</strong></span> <span class='ocrx_word' id='word_1_141' title='bbox 1642 1943 1753 2042; x_wconf 83' lang='lat' dir='ltr'><strong>sigilli</strong></span> <span class='ocrx_word' id='word_1_142' title='bbox 1778 1943 1849 2019; x_wconf 91' lang='lat' dir='ltr'><strong>bec</strong></span> <span class='ocrx_word' id='word_1_143' title='bbox 1874 1942 1979 2019; x_wconf 90' lang='lat' dir='ltr'><strong>litere</strong></span> <span class='ocrx_word' id='word_1_144' title='bbox 2006 1943 2110 2045; x_wconf 88' lang='lat' dir='ltr'><strong>capi-</strong></span> 
     </span>
     <span class='ocr_line' id='line_1_15' title="bbox 405 2043 2111 2146; baseline 0.001 -26"><span class='ocrx_word' id='word_1_145' title='bbox 405 2045 518 2136; x_wconf 78' lang='lat' dir='ltr'><strong>tales</strong></span> <span class='ocrx_word' id='word_1_146' title='bbox 544 2071 608 2146; x_wconf 94' lang='lat' dir='ltr'><strong>pro</strong></span> <span class='ocrx_word' id='word_1_147' title='bbox 636 2047 749 2146; x_wconf 84' lang='lat' dir='ltr'><strong>tytulo</strong></span> <span class='ocrx_word' id='word_1_148' title='bbox 767 2046 996 2145; x_wconf 82' lang='lat' dir='ltr'><strong>legebantur:</strong></span> <span class='ocrx_word' id='word_1_149' title='bbox 1023 2043 1067 2122; x_wconf 83' lang='lat' dir='ltr'><strong>S.</strong></span> <span class='ocrx_word' id='word_1_150' title='bbox 1084 2046 1261 2146; x_wconf 86' lang='lat' dir='ltr'><strong>Jaroslay</strong></span> <span class='ocrx_word' id='word_1_151' title='bbox 1286 2043 1348 2121; x_wconf 90' lang='lat' dir='ltr'><strong>dei</strong></span> <span class='ocrx_word' id='word_1_152' title='bbox 1373 2067 1440 2146; x_wconf 79' lang='lat' dir='ltr'><strong>gra</strong></span> <span class='ocrx_word' id='word_1_153' title='bbox 1457 2045 1632 2122; x_wconf 83' lang='lat' dir='ltr'><strong>Gueznen</strong></span> <span class='ocrx_word' id='word_1_154' title='bbox 1651 2045 1823 2146; x_wconf 89' lang='lat' dir='ltr'><strong>arcbiepi‚</strong></span> <span class='ocrx_word' id='word_1_155' title='bbox 1850 2046 1956 2123; x_wconf 90' lang='lat' dir='ltr'><strong>michi</strong></span> <span class='ocrx_word' id='word_1_156' title='bbox 1974 2048 2111 2122; x_wconf 87' lang='lat' dir='ltr'><strong>notario</strong></span> 
     </span>
     <span class='ocr_line' id='line_1_16' title="bbox 420 2147 2109 2252; baseline -0.001 -26"><span class='ocrx_word' id='word_1_157' title='bbox 420 2147 586 2250; x_wconf 88' lang='lat' dir='ltr'><strong>predicto</strong></span> <span class='ocrx_word' id='word_1_158' title='bbox 613 2161 651 2224; x_wconf 91' lang='lat' dir='ltr'><strong>et</strong></span> <span class='ocrx_word' id='word_1_159' title='bbox 677 2150 880 2249; x_wconf 89' lang='lat' dir='ltr'><strong>subscripto</strong></span> <span class='ocrx_word' id='word_1_160' title='bbox 906 2147 956 2224; x_wconf 87' lang='lat' dir='ltr'><strong>ad</strong></span> <span class='ocrx_word' id='word_1_161' title='bbox 981 2173 1106 2224; x_wconf 88' lang='lat' dir='ltr'><strong>manus</strong></span> <span class='ocrx_word' id='word_1_162' title='bbox 1131 2147 1280 2223; x_wconf 83' lang='lat' dir='ltr'><strong>tradidit</strong></span> <span class='ocrx_word' id='word_1_163' title='bbox 1305 2161 1413 2248; x_wconf 90' lang='lat' dir='ltr'><strong>atque</strong></span> <span class='ocrx_word' id='word_1_164' title='bbox 1439 2148 1552 2242; x_wconf 88' lang='lat' dir='ltr'><strong>dedit,</strong></span> <span class='ocrx_word' id='word_1_165' title='bbox 1579 2173 1683 2249; x_wconf 88' lang='lat' dir='ltr'><strong>qnam</strong></span> <span class='ocrx_word' id='word_1_166' title='bbox 1707 2149 1782 2249; x_wconf 83' lang='lat' dir='ltr'><strong>legi</strong></span> <span class='ocrx_word' id='word_1_167' title='bbox 1807 2149 1934 2250; x_wconf 87' lang='lat' dir='ltr'><strong>petivit</strong></span> <span class='ocrx_word' id='word_1_168' title='bbox 1957 2174 2024 2252; x_wconf 91' lang='lat' dir='ltr'><strong>per</strong></span> <span class='ocrx_word' id='word_1_169' title='bbox 2040 2171 2109 2242; x_wconf 87' lang='lat' dir='ltr'><strong>me,</strong></span> 
     </span>
     <span class='ocr_line' id='line_1_17' title="bbox 423 2251 1424 2353; baseline -0.002 -25"><span class='ocrx_word' id='word_1_170' title='bbox 423 2255 529 2351; x_wconf 89' lang='lat' dir='ltr'><strong>cujus</strong></span> <span class='ocrx_word' id='word_1_171' title='bbox 556 2262 659 2330; x_wconf 78' lang='lat' dir='ltr'><strong>tcum</strong></span> <span class='ocrx_word' id='word_1_172' title='bbox 684 2252 844 2352; x_wconf 86' lang='lat' dir='ltr'><strong>sequitur</strong></span> <span class='ocrx_word' id='word_1_173' title='bbox 869 2277 935 2353; x_wconf 93' lang='lat' dir='ltr'><strong>per</strong></span> <span class='ocrx_word' id='word_1_174' title='bbox 961 2251 1078 2328; x_wconf 90' lang='lat' dir='ltr'><strong>omnia</strong></span> <span class='ocrx_word' id='word_1_175' title='bbox 1103 2253 1171 2326; x_wconf 91' lang='lat' dir='ltr'><strong>sub</strong></span> <span class='ocrx_word' id='word_1_176' title='bbox 1196 2252 1269 2328; x_wconf 81' lang='lat' dir='ltr'><strong>bac</strong></span> <span class='ocrx_word' id='word_1_177' title='bbox 1294 2251 1424 2328; x_wconf 78' lang='lat' dir='ltr'><strong>sonna:</strong></span> 
     </span>
    </p>
   </div>
   <div class='ocr_carea' id='block_1_3' title="bbox 256 2659 2111 4518">
    <p class='ocr_par' dir='ltr' id='par_1_3' title="bbox 268 2659 2111 4101">
     <span class='ocr_line' id='line_1_18' title="bbox 278 2659 2109 2763; baseline -0.001 -24"><span class='ocrx_word' id='word_1_178' title='bbox 278 2675 380 2731; x_wconf 72' lang='lat' dir='ltr'><strong>ccxv·</strong></span> <span class='ocrx_word' id='word_1_179' title='bbox 523 2663 551 2739; x_wconf 85' lang='lat' dir='ltr'>J</span> <span class='ocrx_word' id='word_1_180' title='bbox 557 2662 785 2754; x_wconf 88' lang='lat' dir='ltr'><strong>aroslaus,</strong></span> <span class='ocrx_word' id='word_1_181' title='bbox 820 2660 942 2737; x_wconf 82' lang='lat' dir='ltr'><strong>divina</strong></span> <span class='ocrx_word' id='word_1_182' title='bbox 971 2659 1206 2762; x_wconf 82' lang='lat' dir='ltr'><strong>providencia</strong></span> <span class='ocrx_word' id='word_1_183' title='bbox 1237 2687 1269 2735; x_wconf 89' lang='lat' dir='ltr'><strong>s.</strong></span> <span class='ocrx_word' id='word_1_184' title='bbox 1296 2661 1583 2738; x_wconf 81' lang='lat' dir='ltr'><strong>Gneznensir</strong></span> <span class='ocrx_word' id='word_1_185' title='bbox 1611 2663 1773 2740; x_wconf 90' lang='lat' dir='ltr'><strong>ecclesie</strong></span> <span class='ocrx_word' id='word_1_186' title='bbox 1800 2659 2109 2763; x_wconf 89' lang='lat' dir='ltr'><strong>archiepiscopus,</strong></span> 
     </span>
     <span class='ocr_line' id='line_1_19' title="bbox 268 2757 2109 2885; baseline -0.001 -44"><span class='ocrx_word' id='word_1_187' title='bbox 268 2757 389 2885; x_wconf 54' lang='grc' dir='ltr'><strong>1ῑῇωώ</strong></span> <span class='ocrx_word' id='word_1_188' title='bbox 421 2765 621 2842; x_wconf 77' lang='lat' dir='ltr'><strong>honorabili</strong></span> <span class='ocrx_word' id='word_1_189' title='bbox 645 2766 733 2857; x_wconf 84' lang='lat' dir='ltr'><strong>viro,</strong></span> <span class='ocrx_word' id='word_1_190' title='bbox 761 2763 1112 2867; x_wconf 68' lang='lat' dir='ltr'><strong>dominoiohanni</strong></span> <span class='ocrx_word' id='word_1_191' title='bbox 1138 2762 1490 2841; x_wconf 84' lang='lat' dir='ltr'><strong>dominoJobanni</strong></span> <span class='ocrx_word' id='word_1_192' title='bbox 1517 2764 1611 2863; x_wconf 86' lang='lat' dir='ltr'><strong>(sic)</strong></span> <span class='ocrx_word' id='word_1_193' title='bbox 1637 2761 1823 2866; x_wconf 83' lang='lat' dir='ltr'><strong>preposito</strong></span> <span class='ocrx_word' id='word_1_194' title='bbox 1850 2765 2109 2840; x_wconf 85' lang='lat' dir='ltr'><strong>Kalisieusi</strong></span> 
     </span>
     <span class='ocr_line' id='line_1_20' title="bbox 287 2865 2108 2946; baseline -0.003 0"><span class='ocrx_word' id='word_1_195' title='bbox 287 2865 294 2882; x_wconf 84' lang='lat'>&#39;</span> <span class='ocrx_word' id='word_1_196' title='bbox 332 2883 364 2890; x_wconf 76' lang='lat'><strong>&#39;&#39;</strong></span> <span class='ocrx_word' id='word_1_197' title='bbox 423 2868 589 2946; x_wconf 85' lang='lat' dir='ltr'><strong>salntem·</strong></span> <span class='ocrx_word' id='word_1_198' title='bbox 602 2869 637 2943; x_wconf 91' lang='lat' dir='ltr'><strong>in</strong></span> <span class='ocrx_word' id='word_1_199' title='bbox 663 2867 804 2944; x_wconf 91' lang='lat' dir='ltr'><strong>domino</strong></span> <span class='ocrx_word' id='word_1_200' title='bbox 828 2868 946 2945; x_wconf 83' lang='lat' dir='ltr'><strong>Jlresu</strong></span> <span class='ocrx_word' id='word_1_201' title='bbox 974 2865 1133 2945; x_wconf 85' lang='lat' dir='ltr'><strong>Christo.</strong></span> <span class='ocrx_word' id='word_1_202' title='bbox 1187 2865 1285 2942; x_wconf 89' lang='lat' dir='ltr'><strong>luter</strong></span> <span class='ocrx_word' id='word_1_203' title='bbox 1316 2879 1463 2943; x_wconf 85' lang='lat' dir='ltr'><strong>ceteras</strong></span> <span class='ocrx_word' id='word_1_204' title='bbox 1496 2866 1759 2944; x_wconf 76' lang='lat' dir='ltr'><strong>sollicitudines</strong></span> <span class='ocrx_word' id='word_1_205' title='bbox 1793 2869 1925 2943; x_wconf 88' lang='lat' dir='ltr'><strong>nostris</strong></span> <span class='ocrx_word' id='word_1_206' title='bbox 1957 2868 2108 2942; x_wconf 86' lang='lat' dir='ltr'><strong>humeris</strong></span> 
     </span>
     <span class='ocr_line' id='line_1_21' title="bbox 421 2969 2110 3072; baseline 0 -25"><span class='ocrx_word' id='word_1_207' title='bbox 421 2970 667 3048; x_wconf 82' lang='lat' dir='ltr'><strong>incumbentes</strong></span> <span class='ocrx_word' id='word_1_208' title='bbox 694 2997 743 3048; x_wconf 86' lang='lat' dir='ltr'><strong>ex</strong></span> <span class='ocrx_word' id='word_1_209' title='bbox 768 2973 927 3072; x_wconf 90' lang='lat' dir='ltr'><strong>injuncto</strong></span> <span class='ocrx_word' id='word_1_210' title='bbox 953 2971 1056 3046; x_wconf 86' lang='lat' dir='ltr'><strong>uobis</strong></span> <span class='ocrx_word' id='word_1_211' title='bbox 1082 2971 1256 3072; x_wconf 85' lang='lat' dir='ltr'><strong>pastorali</strong></span> <span class='ocrx_word' id='word_1_212' title='bbox 1283 2971 1404 3047; x_wconf 85' lang='lat' dir='ltr'><strong>officio</strong></span> <span class='ocrx_word' id='word_1_213' title='bbox 1430 2971 1602 3072; x_wconf 90' lang='lat' dir='ltr'><strong>precipue</strong></span> <span class='ocrx_word' id='word_1_214' title='bbox 1635 2973 1738 3045; x_wconf 87' lang='lat' dir='ltr'><strong>nobis</strong></span> <span class='ocrx_word' id='word_1_215' title='bbox 1765 2969 1866 3048; x_wconf 93' lang='lat' dir='ltr'><strong>cordi</strong></span> <span class='ocrx_word' id='word_1_216' title='bbox 1892 2982 1951 3046; x_wconf 88' lang='lat' dir='ltr'><strong>cst</strong></span> <span class='ocrx_word' id='word_1_217' title='bbox 1976 2971 2110 3047; x_wconf 77' lang='grc' dir='ltr'>ειιιιιιιιο</span> 
     </span>
     <span class='ocr_line' id='line_1_22' title="bbox 421 3071 2111 3176; baseline 0.001 -25"><span class='ocrx_word' id='word_1_218' title='bbox 421 3099 533 3176; x_wconf 90' lang='lat' dir='ltr'><strong>opere</strong></span> <span class='ocrx_word' id='word_1_219' title='bbox 560 3087 598 3152; x_wconf 88' lang='lat' dir='ltr'><strong>et</strong></span> <span class='ocrx_word' id='word_1_220' title='bbox 620 3075 787 3176; x_wconf 80' lang='lat' dir='ltr'><strong>¹profecto</strong></span> <span class='ocrx_word' id='word_1_221' title='bbox 804 3072 1061 3151; x_wconf 85' lang='lat' dir='ltr'><strong>desiderantes</strong></span> <span class='ocrx_word' id='word_1_222' title='bbox 1079 3074 1307 3172; x_wconf 83' lang='lat' dir='ltr'><strong>exquirimus,</strong></span> <span class='ocrx_word' id='word_1_223' title='bbox 1335 3071 1430 3174; x_wconf 94' lang='lat' dir='ltr'><strong>quod</strong></span> <span class='ocrx_word' id='word_1_224' title='bbox 1455 3097 1612 3174; x_wconf 91' lang='lat' dir='ltr'><strong>persone</strong></span> <span class='ocrx_word' id='word_1_225' title='bbox 1639 3073 1897 3150; x_wconf 84' lang='lat' dir='ltr'><strong>ecclesiastice</strong></span> <span class='ocrx_word' id='word_1_226' title='bbox 1923 3099 2046 3150; x_wconf 88' lang='lat' dir='ltr'><strong>omnes</strong></span> <span class='ocrx_word' id='word_1_227' title='bbox 2073 3087 2111 3152; x_wconf 85' lang='lat' dir='ltr'><strong>et</strong></span> 
     </span>
     <span class='ocr_line' id='line_1_23' title="bbox 421 3175 2110 3279; baseline 0.001 -26"><span class='ocrx_word' id='word_1_228' title='bbox 421 3179 565 3278; x_wconf 74' lang='lat' dir='ltr'><strong>singule</strong></span> <span class='ocrx_word' id='word_1_229' title='bbox 591 3190 630 3255; x_wconf 89' lang='lat' dir='ltr'><strong>et</strong></span> <span class='ocrx_word' id='word_1_230' title='bbox 654 3203 716 3254; x_wconf 91' lang='lat' dir='ltr'><strong>res</strong></span> <span class='ocrx_word' id='word_1_231' title='bbox 743 3177 980 3255; x_wconf 86' lang='lat' dir='ltr'><strong>ecclesiarum</strong></span> <span class='ocrx_word' id='word_1_232' title='bbox 1012 3201 1079 3279; x_wconf 92' lang='lat' dir='ltr'><strong>per</strong></span> <span class='ocrx_word' id='word_1_233' title='bbox 1107 3177 1328 3278; x_wconf 87' lang='lat' dir='ltr'><strong>provinciam</strong></span> <span class='ocrx_word' id='word_1_234' title='bbox 1358 3187 1513 3252; x_wconf 89' lang='lat' dir='ltr'><strong>nostram</strong></span> <span class='ocrx_word' id='word_1_235' title='bbox 1546 3177 1649 3253; x_wconf 89' lang='lat' dir='ltr'><strong>nobis</strong></span> <span class='ocrx_word' id='word_1_236' title='bbox 1676 3175 1890 3252; x_wconf 88' lang='lat' dir='ltr'><strong>creditarum</strong></span> <span class='ocrx_word' id='word_1_237' title='bbox 1915 3178 1961 3252; x_wconf 89' lang='lat' dir='ltr'><strong>ab</strong></span> <span class='ocrx_word' id='word_1_238' title='bbox 1988 3177 2110 3279; x_wconf 89' lang='lat' dir='ltr'><strong>obpri-</strong></span> 
     </span>
     <span class='ocr_line' id='line_1_24' title="bbox 421 3277 2110 3382; baseline -0.001 -24"><span class='ocrx_word' id='word_1_239' title='bbox 421 3283 593 3359; x_wconf 90' lang='lat' dir='ltr'><strong>nreuoium</strong></span> <span class='ocrx_word' id='word_1_240' title='bbox 618 3282 822 3356; x_wconf 89' lang='lat' dir='ltr'><strong>incursibus</strong></span> <span class='ocrx_word' id='word_1_241' title='bbox 847 3282 890 3355; x_wconf 91' lang='lat' dir='ltr'><strong>in·</strong></span> <span class='ocrx_word' id='word_1_242' title='bbox 908 3277 1170 3382; x_wconf 87' lang='lat' dir='ltr'><strong>pulchritudine</strong></span> <span class='ocrx_word' id='word_1_243' title='bbox 1203 3280 1310 3382; x_wconf 86' lang='lat' dir='ltr'><strong>pacis</strong></span> <span class='ocrx_word' id='word_1_244' title='bbox 1336 3278 1492 3356; x_wconf 85' lang='lat' dir='ltr'><strong>sedeant</strong></span> <span class='ocrx_word' id='word_1_245' title='bbox 1517 3291 1555 3355; x_wconf 93' lang='lat' dir='ltr'><strong>et</strong></span> <span class='ocrx_word' id='word_1_246' title='bbox 1578 3280 1820 3380; x_wconf 82' lang='lat' dir='ltr'><strong>temporalium</strong></span> <span class='ocrx_word' id='word_1_247' title='bbox 1855 3281 2110 3382; x_wconf 63' lang='lat' dir='ltr'><strong>opulentare</strong></span> 
     </span>
     <span class='ocr_line' id='line_1_25' title="bbox 445 3381 2110 3484; baseline 0.001 -26"><span class='ocrx_word' id='word_1_248' title='bbox 445 3386 563 3461; x_wconf 89' lang='lat' dir='ltr'><strong>uirere</strong></span> <span class='ocrx_word' id='word_1_249' title='bbox 582 3385 677 3481; x_wconf 88' lang='lat' dir='ltr'><strong>(sic)</strong></span> <span class='ocrx_word' id='word_1_250' title='bbox 705 3384 941 3484; x_wconf 89' lang='lat' dir='ltr'><strong>perfruantur,</strong></span> <span class='ocrx_word' id='word_1_251' title='bbox 970 3395 1007 3457; x_wconf 92' lang='lat' dir='ltr'><strong>ut</strong></span> <span class='ocrx_word' id='word_1_252' title='bbox 1032 3383 1173 3484; x_wconf 85' lang='lat' dir='ltr'><strong>possint</strong></span> <span class='ocrx_word' id='word_1_253' title='bbox 1197 3383 1345 3458; x_wconf 89' lang='lat' dir='ltr'><strong>liberius</strong></span> <span class='ocrx_word' id='word_1_254' title='bbox 1363 3381 1435 3458; x_wconf 92' lang='lat' dir='ltr'><strong>deo</strong></span> <span class='ocrx_word' id='word_1_255' title='bbox 1453 3395 1603 3459; x_wconf 82' lang='lat' dir='ltr'><strong>arretore</strong></span> <span class='ocrx_word' id='word_1_256' title='bbox 1626 3383 1661 3457; x_wconf 92' lang='lat' dir='ltr'><strong>in</strong></span> <span class='ocrx_word' id='word_1_257' title='bbox 1680 3383 1758 3458; x_wconf 86' lang='lat' dir='ltr'><strong>suis</strong></span> <span class='ocrx_word' id='word_1_258' title='bbox 1775 3381 1943 3458; x_wconf 85' lang='lat' dir='ltr'><strong>fidelibus</strong></span> <span class='ocrx_word' id='word_1_259' title='bbox 1961 3381 2110 3461; x_wconf 82' lang='lat' dir='ltr'><strong>Christo</strong></span> 
     </span>
     <span class='ocr_line' id='line_1_26' title="bbox 422 3409 2111 3588; baseline 0.001 -26"><span class='ocrx_word' id='word_1_260' title='bbox 422 3409 562 3562; x_wconf 84' lang='lat' dir='ltr'><strong>donnino</strong></span> <span class='ocrx_word' id='word_1_261' title='bbox 589 3487 763 3579; x_wconf 84' lang='lat' dir='ltr'><strong>famulari,</strong></span> <span class='ocrx_word' id='word_1_262' title='bbox 790 3487 874 3586; x_wconf 91' lang='lat' dir='ltr'><strong>quia</strong></span> <span class='ocrx_word' id='word_1_263' title='bbox 899 3487 968 3562; x_wconf 90' lang='lat' dir='ltr'><strong>nisi</strong></span> <span class='ocrx_word' id='word_1_264' title='bbox 993 3486 1029 3560; x_wconf 93' lang='lat' dir='ltr'><strong>iu</strong></span> <span class='ocrx_word' id='word_1_265' title='bbox 1054 3495 1213 3586; x_wconf 89' lang='lat' dir='ltr'><strong>tempore</strong></span> <span class='ocrx_word' id='word_1_266' title='bbox 1239 3486 1345 3585; x_wconf 90' lang='lat' dir='ltr'><strong>pacis</strong></span> <span class='ocrx_word' id='word_1_267' title='bbox 1371 3486 1499 3562; x_wconf 87' lang='lat' dir='ltr'><strong>colitur</strong></span> <span class='ocrx_word' id='word_1_268' title='bbox 1524 3497 1651 3563; x_wconf 89' lang='lat' dir='ltr'><strong>auctor</strong></span> <span class='ocrx_word' id='word_1_269' title='bbox 1675 3487 1791 3586; x_wconf 78' lang='lat' dir='ltr'><strong>pacis.</strong></span> <span class='ocrx_word' id='word_1_270' title='bbox 1839 3485 1894 3560; x_wconf 78' lang='lat' dir='ltr'><strong>Et</strong></span> <span class='ocrx_word' id='word_1_271' title='bbox 1918 3499 2111 3588; x_wconf 88' lang='lat' dir='ltr'><strong>propterea</strong></span> 
     </span>
     <span class='ocr_line' id='line_1_27' title="bbox 422 3586 2108 3690; baseline 0.001 -26"><span class='ocrx_word' id='word_1_272' title='bbox 422 3613 447 3664; x_wconf 86' lang='lat' dir='ltr'><strong>a</strong></span> <span class='ocrx_word' id='word_1_273' title='bbox 472 3588 648 3664; x_wconf 89' lang='lat' dir='ltr'><strong>nonnullis</strong></span> <span class='ocrx_word' id='word_1_274' title='bbox 674 3590 884 3665; x_wconf 81' lang='lat' dir='ltr'><strong>Romanis</strong></span> <span class='ocrx_word' id='word_1_275' title='bbox 911 3589 1138 3690; x_wconf 87' lang='lat' dir='ltr'><strong>pontificibus</strong></span> <span class='ocrx_word' id='word_1_276' title='bbox 1172 3599 1210 3664; x_wconf 87' lang='lat' dir='ltr'><strong>et</strong></span> <span class='ocrx_word' id='word_1_277' title='bbox 1235 3586 1340 3664; x_wconf 89' lang='lat' dir='ltr'><strong>sedis</strong></span> <span class='ocrx_word' id='word_1_278' title='bbox 1367 3587 1569 3689; x_wconf 86' lang='lat' dir='ltr'><strong>apostolice</strong></span> <span class='ocrx_word' id='word_1_279' title='bbox 1601 3588 1737 3687; x_wconf 79' lang='lat' dir='ltr'><strong>legatis</strong></span> <span class='ocrx_word' id='word_1_280' title='bbox 1764 3586 1814 3662; x_wconf 85' lang='lat' dir='ltr'><strong>ad</strong></span> <span class='ocrx_word' id='word_1_281' title='bbox 1840 3602 1997 3664; x_wconf 88' lang='lat' dir='ltr'><strong>uestram</strong></span> <span class='ocrx_word' id='word_1_282' title='bbox 2023 3613 2108 3690; x_wconf 93' lang='lat' dir='ltr'><strong>pro-</strong></span> 
     </span>
     <span class='ocr_line' id='line_1_28' title="bbox 420 3689 2108 3792; baseline -0.001 -24"><span class='ocrx_word' id='word_1_283' title='bbox 420 3691 576 3768; x_wconf 83' lang='lat' dir='ltr'><strong>vinciam</strong></span> <span class='ocrx_word' id='word_1_284' title='bbox 600 3691 722 3766; x_wconf 88' lang='lat' dir='ltr'><strong>missis</strong></span> <span class='ocrx_word' id='word_1_285' title='bbox 747 3691 922 3768; x_wconf 84' lang='lat' dir='ltr'><strong>rnandata&#39;</strong></span> <span class='ocrx_word' id='word_1_286' title='bbox 942 3691 1102 3766; x_wconf 80' lang='lat' dir='ltr'><strong>salubria</strong></span> <span class='ocrx_word' id='word_1_287' title='bbox 1133 3702 1171 3766; x_wconf 89' lang='lat' dir='ltr'><strong>et</strong></span> <span class='ocrx_word' id='word_1_288' title='bbox 1196 3691 1353 3766; x_wconf 69' lang='lat' dir='ltr'><strong>statuta‘</strong></span> <span class='ocrx_word' id='word_1_289' title='bbox 1367 3691 1466 3767; x_wconf 84' lang='lat' dir='ltr'><strong>utilia</strong></span> <span class='ocrx_word' id='word_1_290' title='bbox 1499 3716 1576 3769; x_wconf 91' lang='lat' dir='ltr'><strong>curn</strong></span> <span class='ocrx_word' id='word_1_291' title='bbox 1609 3692 1717 3766; x_wconf 88' lang='lat' dir='ltr'><strong>multa</strong></span> <span class='ocrx_word' id='word_1_292' title='bbox 1746 3689 1982 3792; x_wconf 83' lang='lat' dir='ltr'><strong>providencia</strong></span> <span class='ocrx_word' id='word_1_293' title='bbox 2008 3715 2108 3768; x_wconf 75' lang='lat' dir='ltr'><strong>ena-</strong></span> 
     </span>
     <span class='ocr_line' id='line_1_29' title="bbox 422 3791 2109 3896; baseline 0.002 -28"><span class='ocrx_word' id='word_1_294' title='bbox 422 3805 566 3884; x_wconf 76' lang='lat' dir='ltr'><strong>rrarunt,</strong></span> <span class='ocrx_word' id='word_1_295' title='bbox 600 3793 677 3893; x_wconf 84' lang='lat' dir='ltr'><strong>quc¹</strong></span> <span class='ocrx_word' id='word_1_296' title='bbox 703 3805 834 3895; x_wconf 87' lang='lat' dir='ltr'><strong>postea</strong></span> <span class='ocrx_word' id='word_1_297' title='bbox 866 3819 932 3896; x_wconf 90' lang='lat' dir='ltr'><strong>per</strong></span> <span class='ocrx_word' id='word_1_298' title='bbox 960 3791 1251 3895; x_wconf 83' lang='lat' dir='ltr'><strong>predecessores</strong></span> <span class='ocrx_word' id='word_1_299' title='bbox 1284 3805 1428 3870; x_wconf 87' lang='lat' dir='ltr'><strong>nostros</strong></span> <span class='ocrx_word' id='word_1_300' title='bbox 1461 3805 1499 3870; x_wconf 88' lang='lat' dir='ltr'><strong>et</strong></span> <span class='ocrx_word' id='word_1_301' title='bbox 1524 3818 1590 3869; x_wconf 90' lang='lat' dir='ltr'><strong>uos</strong></span> <span class='ocrx_word' id='word_1_302' title='bbox 1624 3794 1659 3868; x_wconf 94' lang='lat' dir='ltr'><strong>in</strong></span> <span class='ocrx_word' id='word_1_303' title='bbox 1688 3794 1851 3871; x_wconf 89' lang='lat' dir='ltr'><strong>conciliis</strong></span> <span class='ocrx_word' id='word_1_304' title='bbox 1878 3794 2109 3894; x_wconf 82' lang='lat' dir='ltr'><strong>provinciali-</strong></span> 
     </span>
     <span class='ocr_line' id='line_1_30' title="bbox 344 3894 2110 3997; baseline 0.001 -25"><span class='ocrx_word' id='word_1_305' title='bbox 344 3912 349 3920; x_wconf 82' lang='grc'><em>·</em></span> <span class='ocrx_word' id='word_1_306' title='bbox 423 3895 491 3972; x_wconf 89' lang='lat' dir='ltr'><strong>bus</strong></span> <span class='ocrx_word' id='word_1_307' title='bbox 505 3897 534 3986; x_wconf 84' lang='grc' dir='ltr'><strong>Ι)</strong></span> <span class='ocrx_word' id='word_1_308' title='bbox 559 3897 729 3972; x_wconf 87' lang='lat' dir='ltr'><strong>innovata</strong></span> <span class='ocrx_word' id='word_1_309' title='bbox 754 3908 792 3972; x_wconf 91' lang='lat' dir='ltr'><strong>ct</strong></span> <span class='ocrx_word' id='word_1_310' title='bbox 818 3909 976 3974; x_wconf 82' lang='lat' dir='ltr'><strong>extensa</strong></span> <span class='ocrx_word' id='word_1_311' title='bbox 1002 3921 1081 3973; x_wconf 91' lang='lat' dir='ltr'><strong>enm</strong></span> <span class='ocrx_word' id='word_1_312' title='bbox 1107 3894 1332 3974; x_wconf 88' lang='lat' dir='ltr'><strong>adicionibus</strong></span> <span class='ocrx_word' id='word_1_313' title='bbox 1358 3921 1527 3997; x_wconf 88' lang='lat' dir='ltr'><strong>penarum</strong></span> <span class='ocrx_word' id='word_1_314' title='bbox 1552 3899 1617 3997; x_wconf 91' lang='lat' dir='ltr'><strong>pro</strong></span> <span class='ocrx_word' id='word_1_315' title='bbox 1634 3894 1852 3972; x_wconf 76' lang='lat' dir='ltr'><strong>subditorum</strong></span> <span class='ocrx_word' id='word_1_316' title='bbox 1870 3909 1908 3972; x_wconf 90' lang='lat' dir='ltr'><strong>et</strong></span> <span class='ocrx_word' id='word_1_317' title='bbox 1925 3899 2110 3974; x_wconf 87' lang='lat' dir='ltr'><strong>ecclesia·</strong></span> 
     </span>
     <span class='ocr_line' id='line_1_31' title="bbox 423 3997 2109 4101; baseline 0.003 -29"><span class='ocrx_word' id='word_1_318' title='bbox 423 4024 497 4072; x_wconf 91' lang='lat' dir='ltr'><strong>rum</strong></span> <span class='ocrx_word' id='word_1_319' title='bbox 523 3999 674 4074; x_wconf 86' lang='lat' dir='ltr'><strong>utilitate</strong></span> <span class='ocrx_word' id='word_1_320' title='bbox 700 4025 901 4099; x_wconf 89' lang='lat' dir='ltr'><strong>morumque</strong></span> <span class='ocrx_word' id='word_1_321' title='bbox 928 4000 1161 4077; x_wconf 90' lang='lat' dir='ltr'><strong>correccione</strong></span> <span class='ocrx_word' id='word_1_322' title='bbox 1187 3997 1380 4076; x_wconf 90' lang='lat' dir='ltr'><strong>eorundem</strong></span> <span class='ocrx_word' id='word_1_323' title='bbox 1406 4011 1444 4076; x_wconf 88' lang='lat' dir='ltr'><strong>et</strong></span> <span class='ocrx_word' id='word_1_324' title='bbox 1470 4000 1589 4098; x_wconf 89' lang='lat' dir='ltr'><strong>quiete</strong></span> <span class='ocrx_word' id='word_1_325' title='bbox 1617 4000 1818 4075; x_wconf 86' lang='lat' dir='ltr'><strong>existerunt</strong></span> <span class='ocrx_word' id='word_1_326' title='bbox 1844 4000 1938 4098; x_wconf 87' lang='lat' dir='ltr'><strong>(sic)</strong></span> <span class='ocrx_word' id='word_1_327' title='bbox 1964 4012 2002 4077; x_wconf 88' lang='lat' dir='ltr'><strong>et</strong></span> <span class='ocrx_word' id='word_1_328' title='bbox 2023 4025 2109 4101; x_wconf 87' lang='lat' dir='ltr'><strong>pre·</strong></span> 
     </span>
    </p>

    <p class='ocr_par' dir='ltr' id='par_1_4' title="bbox 423 4099 2110 4203">
     <span class='ocr_line' id='line_1_32' title="bbox 423 4099 2110 4203; baseline 0.002 -27"><span class='ocrx_word' id='word_1_329' title='bbox 423 4102 544 4177; x_wconf 89' lang='lat' dir='ltr'><strong>sertim</strong></span> <span class='ocrx_word' id='word_1_330' title='bbox 572 4112 697 4176; x_wconf 90' lang='lat' dir='ltr'><strong>contra</strong></span> <span class='ocrx_word' id='word_1_331' title='bbox 721 4101 824 4193; x_wconf 90' lang='lat' dir='ltr'><strong>illos,</strong></span> <span class='ocrx_word' id='word_1_332' title='bbox 851 4103 910 4200; x_wconf 94' lang='lat' dir='ltr'><strong>qui</strong></span> <span class='ocrx_word' id='word_1_333' title='bbox 934 4099 1129 4194; x_wconf 87' lang='lat' dir='ltr'><strong>invadere,</strong></span> <span class='ocrx_word' id='word_1_334' title='bbox 1155 4126 1339 4203; x_wconf 89' lang='lat' dir='ltr'><strong>occupare</strong></span> <span class='ocrx_word' id='word_1_335' title='bbox 1366 4113 1404 4178; x_wconf 92' lang='lat' dir='ltr'><strong>et</strong></span> <span class='ocrx_word' id='word_1_336' title='bbox 1428 4103 1553 4178; x_wconf 89' lang='lat' dir='ltr'><strong>illicite</strong></span> <span class='ocrx_word' id='word_1_337' title='bbox 1580 4099 1741 4177; x_wconf 89' lang='lat' dir='ltr'><strong>detinere</strong></span> <span class='ocrx_word' id='word_1_338' title='bbox 1767 4118 2015 4202; x_wconf 88' lang='lat' dir='ltr'><strong>presumerent</strong></span> <span class='ocrx_word' id='word_1_339' title='bbox 2039 4101 2110 4179; x_wconf 89' lang='lat' dir='ltr'><strong>de-</strong></span> 
     </span>
    </p>

    <p class='ocr_par' dir='ltr' id='par_1_5' title="bbox 423 4203 2111 4304">
     <span class='ocr_line' id='line_1_33' title="bbox 423 4203 2111 4304; baseline 0 -25"><span class='ocrx_word' id='word_1_340' title='bbox 423 4203 549 4295; x_wconf 88' lang='lat' dir='ltr'><strong>cimas,</strong></span> <span class='ocrx_word' id='word_1_341' title='bbox 575 4203 716 4295; x_wconf 88' lang='lat' dir='ltr'><strong>tributa,</strong></span> <span class='ocrx_word' id='word_1_342' title='bbox 744 4215 879 4295; x_wconf 89' lang='lat' dir='ltr'><strong>castra,</strong></span> <span class='ocrx_word' id='word_1_343' title='bbox 906 4204 1025 4295; x_wconf 87' lang='lat' dir='ltr'><strong>villas,</strong></span> <span class='ocrx_word' id='word_1_344' title='bbox 1052 4205 1291 4296; x_wconf 87' lang='lat' dir='ltr'><strong>municiones,</strong></span> <span class='ocrx_word' id='word_1_345' title='bbox 1317 4205 1577 4304; x_wconf 87' lang='lat' dir='ltr'><strong>possessiones</strong></span> <span class='ocrx_word' id='word_1_346' title='bbox 1604 4215 1641 4280; x_wconf 90' lang='lat' dir='ltr'><strong>et</strong></span> <span class='ocrx_word' id='word_1_347' title='bbox 1666 4205 1760 4279; x_wconf 91' lang='lat' dir='ltr'><strong>bona</strong></span> <span class='ocrx_word' id='word_1_348' title='bbox 1786 4203 1835 4279; x_wconf 88' lang='lat' dir='ltr'><strong>ad</strong></span> <span class='ocrx_word' id='word_1_349' title='bbox 1860 4205 2046 4282; x_wconf 86' lang='lat' dir='ltr'><strong>ecclesias</strong></span> <span class='ocrx_word' id='word_1_350' title='bbox 2073 4217 2111 4281; x_wconf 89' lang='lat' dir='ltr'><strong>ct</strong></span> 
     </span>
    </p>

    <p class='ocr_par' dir='ltr' id='par_1_6' title="bbox 256 4303 2109 4518">
     <span class='ocr_line' id='line_1_34' title="bbox 256 4303 2109 4410; baseline 0.001 -27"><span class='ocrx_word' id='word_1_351' title='bbox 256 4323 297 4361; x_wconf 48' lang='grc' dir='ltr'>Ἠ</span> <span class='ocrx_word' id='word_1_352' title='bbox 422 4307 484 4407; x_wconf 90' lang='lat' dir='ltr'><strong>pia</strong></span> <span class='ocrx_word' id='word_1_353' title='bbox 508 4330 555 4383; x_wconf 91' lang='lat' dir='ltr'><strong>ac</strong></span> <span class='ocrx_word' id='word_1_354' title='bbox 580 4303 755 4404; x_wconf 78' lang='lat' dir='ltr'><strong>religiosa</strong></span> <span class='ocrx_word' id='word_1_355' title='bbox 779 4307 863 4382; x_wconf 88' lang='lat' dir='ltr'><strong>loca</strong></span> <span class='ocrx_word' id='word_1_356' title='bbox 880 4317 919 4381; x_wconf 92' lang='lat' dir='ltr'><strong>et</strong></span> <span class='ocrx_word' id='word_1_357' title='bbox 935 4329 1115 4406; x_wconf 89' lang='lat' dir='ltr'><strong>personas</strong></span> <span class='ocrx_word' id='word_1_358' title='bbox 1139 4308 1420 4386; x_wconf 88' lang='lat' dir='ltr'><strong>ecclesiasticas</strong></span> <span class='ocrx_word' id='word_1_359' title='bbox 1444 4307 1659 4408; x_wconf 86' lang='lat' dir='ltr'><strong>spectancia</strong></span> <span class='ocrx_word' id='word_1_360' title='bbox 1674 4307 1735 4382; x_wconf 85' lang='lat' dir='ltr'><strong>vel</strong></span> <span class='ocrx_word' id='word_1_361' title='bbox 1753 4306 1999 4406; x_wconf 85' lang='lat' dir='ltr'><strong>quoquomodo</strong></span> <span class='ocrx_word' id='word_1_362' title='bbox 2023 4333 2109 4410; x_wconf 89' lang='lat' dir='ltr'><strong>per-</strong></span> 
     </span>
     <span class='ocr_line' id='line_1_35' title="bbox 261 4405 2108 4518; baseline 0.002 -34"><span class='ocrx_word' id='word_1_363' title='bbox 261 4423 278 4518; x_wconf 45' lang='lat'><strong>‚⁴</strong></span> <span class='ocrx_word' id='word_1_364' title='bbox 314 4427 316 4430; x_wconf 87' lang='grc'><strong><em>·</em></strong></span> <span class='ocrx_word' id='word_1_365' title='bbox 423 4407 590 4501; x_wconf 78' lang='lat' dir='ltr'><strong>fiuencia,</strong></span> <span class='ocrx_word' id='word_1_366' title='bbox 617 4405 783 4508; x_wconf 89' lang='lat' dir='ltr'><strong>quodque</strong></span> <span class='ocrx_word' id='word_1_367' title='bbox 808 4406 1014 4507; x_wconf 86' lang='lat' dir='ltr'><strong>hujusmodi</strong></span> <span class='ocrx_word' id='word_1_368' title='bbox 1032 4413 1119 4508; x_wconf 87' lang='lat' dir='ltr'><strong>jura</strong></span> <span class='ocrx_word' id='word_1_369' title='bbox 1144 4419 1183 4485; x_wconf 91' lang='lat' dir='ltr'><strong>et</strong></span> <span class='ocrx_word' id='word_1_370' title='bbox 1208 4419 1345 4486; x_wconf 85' lang='lat' dir='ltr'><strong>statuta</strong></span> <span class='ocrx_word' id='word_1_371' title='bbox 1368 4421 1451 4486; x_wconf 90' lang='lat' dir='ltr'><strong>suut</strong></span> <span class='ocrx_word' id='word_1_372' title='bbox 1477 4419 1515 4486; x_wconf 88' lang='lat' dir='ltr'><strong>et</strong></span> <span class='ocrx_word' id='word_1_373' title='bbox 1539 4408 1682 4510; x_wconf 84' lang='lat' dir='ltr'><strong>fuerunt</strong></span> <span class='ocrx_word' id='word_1_374' title='bbox 1705 4433 1772 4509; x_wconf 90' lang='lat' dir='ltr'><strong>per</strong></span> <span class='ocrx_word' id='word_1_375' title='bbox 1797 4417 2108 4488; x_wconf 81' lang='lat' dir='ltr'><strong>Gneuncnsenr</strong></span> 
     </span>
    </p>
   </div>
   <div class='ocr_carea' id='block_1_4' title="bbox 454 4674 2110 5022">
    <p class='ocr_par' dir='ltr' id='par_1_7' title="bbox 454 4674 2110 5022">
     <span class='ocr_line' id='line_1_36' title="bbox 468 4674 2110 4762; baseline 0.002 -21"><span class='ocrx_word' id='word_1_376' title='bbox 468 4683 500 4762; x_wconf 87' lang='lat'><strong>1)</strong></span> <span class='ocrx_word' id='word_1_377' title='bbox 529 4681 588 4743; x_wconf 86' lang='lat' dir='ltr'><strong>Am</strong></span> <span class='ocrx_word' id='word_1_378' title='bbox 609 4677 640 4744; x_wconf 82' lang='lat'><strong>8.</strong></span> <span class='ocrx_word' id='word_1_379' title='bbox 662 4682 781 4743; x_wconf 80' lang='lat' dir='ltr'><strong>ianuar</strong></span> <span class='ocrx_word' id='word_1_380' title='bbox 804 4677 887 4744; x_wconf 80' lang='lat'><strong>1357</strong></span> <span class='ocrx_word' id='word_1_381' title='bbox 910 4680 996 4744; x_wconf 86' lang='lat' dir='ltr'><strong>batte</strong></span> <span class='ocrx_word' id='word_1_382' title='bbox 1019 4678 1076 4744; x_wconf 88' lang='lat' dir='ltr'><strong>der</strong></span> <span class='ocrx_word' id='word_1_383' title='bbox 1097 4677 1291 4745; x_wconf 79' lang='lat' dir='ltr'><strong>Erubirchof</strong></span> <span class='ocrx_word' id='word_1_384' title='bbox 1307 4674 1466 4745; x_wconf 78' lang='lat' dir='ltr'><strong>iaroslaus</strong></span> <span class='ocrx_word' id='word_1_385' title='bbox 1493 4701 1554 4744; x_wconf 88' lang='lat' dir='ltr'><strong>von</strong></span> <span class='ocrx_word' id='word_1_386' title='bbox 1577 4679 1703 4744; x_wconf 84' lang='lat' dir='ltr'><strong>Gnesen</strong></span> <span class='ocrx_word' id='word_1_387' title='bbox 1729 4679 1789 4744; x_wconf 87' lang='lat' dir='ltr'><strong>mit</strong></span> <span class='ocrx_word' id='word_1_388' title='bbox 1814 4679 1922 4744; x_wconf 85' lang='lat' dir='ltr'><strong>seinen</strong></span> <span class='ocrx_word' id='word_1_389' title='bbox 1945 4677 2031 4744; x_wconf 85' lang='lat' dir='ltr'><strong>suffi·</strong></span> <span class='ocrx_word' id='word_1_390' title='bbox 2072 4702 2110 4745; x_wconf 84' lang='lat' dir='ltr'><strong>a·</strong></span> 
     </span>
     <span class='ocr_line' id='line_1_37' title="bbox 454 4703 2110 4913; baseline -0.005 -87"><span class='ocrx_word' id='word_1_391' title='bbox 454 4853 468 4864; x_wconf 84' lang='lat'><strong>..</strong></span> <span class='ocrx_word' id='word_1_392' title='bbox 530 4761 674 4862; x_wconf 62' lang='lat' dir='ltr'><strong>ueneni</strong></span> <span class='ocrx_word' id='word_1_393' title='bbox 692 4764 780 4828; x_wconf 87' lang='lat' dir='ltr'><strong>einer</strong></span> <span class='ocrx_word' id='word_1_394' title='bbox 801 4760 1097 4862; x_wconf 75' lang='lat' dir='ltr'><strong>Prouinziqlsynode</strong></span> <span class='ocrx_word' id='word_1_395' title='bbox 1126 4761 1314 4870; x_wconf 26' lang='lat' dir='ltr'><strong>ianalisch</strong></span> <span class='ocrx_word' id='word_1_396' title='bbox 1336 4762 1387 4826; x_wconf 92' lang='lat' dir='ltr'><strong>die</strong></span> <span class='ocrx_word' id='word_1_397' title='bbox 1408 4763 1684 4862; x_wconf 30' lang='lat' dir='ltr'><strong>&#39;statutentseiner</strong></span> <span class='ocrx_word' id='word_1_398' title='bbox 1705 4765 1891 4913; x_wconf 66' lang='lat' dir='ltr'><strong>Vorqi&#39;nger</strong></span> <span class='ocrx_word' id='word_1_399' title='bbox 1912 4703 2110 4845; x_wconf 41' lang='lat' dir='ltr'><strong>Fullofia.</strong></span> 
     </span>
     <span class='ocr_line' id='line_1_38' title="bbox 529 4845 2110 5022; baseline 0.001 -111"><span class='ocrx_word' id='word_1_400' title='bbox 529 4847 793 5022; x_wconf 51' lang='lat' dir='ltr'><strong>ffilggssffii,</strong></span> <span class='ocrx_word' id='word_1_401' title='bbox 804 4845 1046 4998; x_wconf 57' lang='lat' dir='ltr'><strong>qqqdaurslaus</strong></span> <span class='ocrx_word' id='word_1_402' title='bbox 1067 4847 1214 4938; x_wconf 80' lang='lat' dir='ltr'><strong>bestabgt</strong></span> <span class='ocrx_word' id='word_1_403' title='bbox 1234 4847 1301 4911; x_wconf 91' lang='lat' dir='ltr'><strong>und</strong></span> <span class='ocrx_word' id='word_1_404' title='bbox 1323 4855 1488 4912; x_wconf 86' lang='lat' dir='ltr'><strong>erwertert.</strong></span> <span class='ocrx_word' id='word_1_405' title='bbox 1533 4845 1594 4928; x_wconf 80' lang='lat' dir='ltr'><strong>Due</strong></span> <span class='ocrx_word' id='word_1_406' title='bbox 1613 4847 1775 4968; x_wconf 83' lang='lat' dir='ltr'><strong>ungedruc</strong></span> <span class='ocrx_word' id='word_1_407' title='bbox 1798 4859 1851 4928; x_wconf 77' lang='lat' dir='ltr'><strong>ten</strong></span> <span class='ocrx_word' id='word_1_408' title='bbox 1866 4846 2110 4958; x_wconf 77' lang='lat' dir='ltr'><strong>Synodslstatu-</strong></span> 
     </span>
    </p>
   </div>
   <div class='ocr_carea' id='block_1_5' title="bbox 0 0 2306 5764">
    <p class='ocr_par' dir='ltr' id='par_1_8' title="bbox 0 0 2306 5764">
     <span class='ocr_line' id='line_1_39' title="bbox 0 0 2306 5764; baseline 0 0"><span class='ocrx_word' id='word_1_409' title='bbox 0 0 2306 5764; x_wconf 95' lang='lat' dir='ltr'><strong> </strong></span> 
     </span>
    </p>
   </div>
  </div>
 </body>
</html>
