4552 5786
414 503 493 582 378
1034 505 1243 578 Urlrtrrrlerr.
1298 505 1467 578 fflCXV.

418 691 660 810 suprascripti
679 707 896 782 venerabilis
923 706 1068 810 capituli
1092 707 1497 784 Wratislauiensis
1523 708 1644 785 scribe
1670 708 1781 808 jurati
1805 707 2011 810 subscripta
2035 707 2093 787 le·

421 814 544 912 gitirrra
569 811 686 888 extitit
710 811 812 896 sacta
835 809 947 902 tides,
981 812 1048 888 rite
1079 823 1117 889 et
1147 809 1270 888 debite
1302 813 1525 887 substitutum
1555 825 1819 914 procuratorem
1849 821 2094 913 praesentatas,

418 939 497 994 cnm
525 941 572 992 ea
596 940 668 1014 qua
693 913 815 991 decuit
839 917 1043 992 reverentia
1067 916 1257 1016 recepisse
1287 914 1490 1016 hujusmodi
1515 917 1581 991 sub
1606 927 1749 992 tenore:

520 1071 612 1146 [reo
637 1096 734 1172 papa
758 1067 918 1146 decimus
936 1069 1132 1146 venerabili
1150 1069 1248 1147 fratri
1267 1071 1439 1172 episcopo
1460 1082 1497 1147 et
1514 1067 1658 1148 dilectis
1682 1071 1765 1145 tiliis
1784 1069 1940 1172 capitulo
1957 1070 2093 1146 Wra-

419 1173 681 1250 tislauiensi
715 1199 760 1250 ac
793 1171 891 1252 clero
927 1173 1083 1250 civitatis
1116 1185 1154 1250 et
1186 1171 1346 1250 diocesis
1378 1173 1795 1250 Wratislauiensis.
1861 1173 2093 1251 Venerabilis

418 1279 530 1354 frater
555 1289 592 1353 et
618 1273 740 1354 dilecti
766 1277 825 1351 tilii
853 1277 1003 1354 salutem
1031 1289 1067 1354 et
1093 1277 1327 1378 apostolicam
1352 1277 1649 1355 benedictionem.
1708 1275 1815 1369 Cum,
1851 1277 1945 1353 sicut
1979 1303 2093 1355 acce-

417 1381 549 1485 pimus,
576 1405 687 1482 nuper
713 1379 836 1458 dilecti
862 1381 923 1455 srlii
942 1437 979 1456 ..
1008 1381 1184 1477 (Hieraus
1203 1381 1293 1482 folgt
1318 1381 1484 1458 wortlich
1511 1379 1582 1455 und
1600 1379 1818 1480 vollstttndig
1844 1381 1903 1455 mit
1920 1382 2093 1482 geringen

416 1485 724 1562 unwesentlicben
757 1485 1058 1584 Abweichungen
1096 1484 1165 1560 das
1197 1487 1316 1561 Breve
1351 1487 1468 1588 Papst
1497 1485 1610 1561 Leo's
1647 1511 1694 1560 an
1735 1483 1805 1562 den
1837 1484 1998 1560 Bischos
2023 1509 2093 1561 von

384 1610 389 1616 '
415 1589 582 1682 Breslau,
608 1613 687 1663 vom
713 1587 774 1662 ⁸26.
800 1587 885 1664 Joni
914 1589 1023 1682 1516,
1054 1587 1104 1662 N.
1131 1587 1364 1688 cccxlv.)

519 1744 612 1818 Post
636 1767 778 1841 quarum
804 1740 944 1842 quidem
970 1743 1149 1818 literarum
1175 1743 1449 1844 apostolicarum
1482 1742 1516 1817 in
1542 1741 1656 1817 sorma
1681 1741 1802 1818 brevis
1836 1765 2092 1820 concessarum

416 1846 722 1950 presentacionem
749 1857 788 1921 et
811 1847 1072 1948 recepoionem,
1105 1847 1206 1922 nobis
1240 1857 1278 1923 et
1303 1871 1368 1947 per
1398 1871 1465 1922 nos
1491 1856 1529 1920 ut
1560 1846 1767 1946 premittitur
1790 1845 1930 1937 sactes,
1963 1845 2091 1922 luimus

414 1975 481 2053 per
506 1951 679 2052 prelatum
705 1950 908 2050 magistrum
935 1950 1151 2049 Georgum
1177 1946 1393 2044 Abescad
1420 1973 1488 2050 quo
1514 1974 1640 2050 supra,
1672 1950 1810 2026 nominc
1836 1951 2090 2049 procuratorio,

416 2053 540 2130 debita
565 2079 644 2132 curn
669 2054 839 2138 instantia
864 2055 1034 2153 requisiti,
1061 2055 1225 2154 quatinus
1251 2051 1299 2129 ad
1317 2053 1574 2130 execucionenr
1599 2051 1771 2129 dictarum
1797 2053 1977 2130 literarum
1999 2077 2091 2154 apo-

415 2157 619 2234 stolicarum
651 2170 689 2234 et
720 2168 958 2234 contentomm
990 2158 1025 2232 in
1059 2155 1198 2233 eisdem
1254 2155 1430 2234 rooedere
1462 2181 1666 2234 curaremus
1698 2181 1744 2234 ac
1770 2157 1839 2232 sibi
1870 2157 1996 2232 literas
2021 2153 2091 2234 de·

414 2259 669 2338 nunctiatorias
715 2273 752 2336 et
796 2261 1050 2363 publicatorias
1091 2183 1305 2360 quarundam
1343 2261 1624 2352 revocationem,
1670 2261 1938 2353 cassacionum,
1971 2261 2091 2336 irrita·

416 2367 571 2457 cionum,
623 2363 868 2452 abolicionum
920 2363 1075 2456 decreti,
1127 2362 1434 2456 decimacionem,
1491 2363 1775 2454 absolucionem,
1826 2365 2091 2458 liberacionmu,

414 2458 699 2559 restitucionum‚
746 2467 1005 2570 reposicionum
1043 2480 1081 2544 et
1105 2468 1423 2568 reintegraciouum
1455 2467 1693 2542 nonnullorum
1718 2479 1912 2569 pactorum,
1947 2470 2089 2570 capitu·

417 2573 543 2664 lorum,
578 2582 784 2646 statutorum
818 2581 855 2647 et
885 2571 1093 2673 placitorum
1126 2585 1251 2648 contra
1276 2573 1470 2650 canonicas
1496 2571 1703 2648 sanctiones
1736 2583 1774 2648 et
1796 2572 1997 2648 libertatem
2022 2596 2090 2650 ec-

416 2675 659 2752 clesiasticam
686 2675 947 2775 compilatorum
973 2699 1039 2777 per
1063 2669 1270 2776 prelibatum
1296 2675 1574 2752 sacratissimum
1600 2673 1772 2750 dominum
1799 2677 2086 2752 nostrumlreo-

414 2803 506 2854 nem
533 2803 659 2880 papam
686 2776 857 2854 deciorum
891 2791 983 2856 motu
1017 2779 1158 2880 proprio
1192 2777 1311 2856 aede
1337 2777 1554 2880 plenitudine
1580 2779 1780 2880 apostolice
1811 2780 2000 2878 potestatis
2024 2777 2085 2854 ta-

413 2893 549 2959 ctarum
573 2907 645 2956 una
667 2907 746 2959 cunr
770 2882 983 2960 iuhibicione
1008 2883 1145 2958 inserta
1176 2883 1211 2958 in
1245 2883 1358 2958 lorma
1388 2881 1495 2958 solita
1526 2893 1563 2958 et
1589 2893 1763 2958 consueta
1788 2887 1900 2980 juxta
1923 2879 2086 2958 traditam

329 3067 331 3074 ,
415 3010 482 3062 seu
508 2985 680 3063 directam
705 2986 849 3062 sormam
875 2987 909 3061 in
936 2984 1044 3063 dictis
1069 2987 1183 3063 literis
1209 2987 1419 3087 apostolicis
1445 2985 1679 3085 dignaremur.
1722 2986 1805 3060 Nos
1830 2985 1948 3084 igitur,
1975 2985 2086 3062 llie·

414 3091 609 3165 ronimus
636 3090 847 3192 episcopus,
879 3088 998 3190 judex
1024 3101 1061 3166 et
1087 3103 1285 3188 exequutor
1309 3099 1393 3166 ante
1420 3088 1551 3180 dictus,
1576 3089 1745 3164 volentes
1771 3088 1971 3164 mandatum
1997 3113 2088 3190 apo-

413 3194 578 3270 stolicum
610 3193 711 3268 nobis
744 3192 916 3269 directum
947 3217 993 3269 ac
1027 3196 1142 3268 omnia
1174 3203 1211 3269 et
1243 3194 1386 3293 singula
1410 3194 1444 3268 in
1470 3194 1550 3293 ipso
1576 3204 1744 3269 contenta
1773 3205 1982 3269 reverenter
2005 3205 2087 3268 terr·

413 3321 516 3398 qnam
542 3295 754 3374 obediencie
778 3297 872 3370 lilius
898 3297 1028 3396 exequi
1052 3309 1092 3370 ut
1117 3310 1289 3386 tenemur,
1323 3298 1536 3373 auctoritate
1561 3307 1684 3370 nostra
1707 3320 1822 3396 ymmo
1847 3297 1968 3371 verius
1996 3321 2087 3398 apo-

414 3402 545 3476 stolica
569 3401 671 3476 nobis
698 3401 888 3476 commissa
921 3411 959 3476 et
983 3425 1053 3499 qua
1078 3401 1251 3500 fungimur
1281 3401 1316 3474 in
1349 3401 1421 3476 ltac
1446 3411 1566 3501 parte,
1593 3400 1708 3474 omnia
1734 3410 1771 3474 et
1796 3399 1940 3498 singula
1964 3411 2086 3500 pacta,

414 3505 582 3605 capitula,
609 3517 745 3579 statuta
768 3505 954 3606 etplacits
979 3529 1043 3604 per
1067 3503 1239 3602 quosdam
1266 3517 1430 3580 assertos
1456 3503 1718 3579 commissarios
1743 3503 1965 3578 serenissimi
1987 3504 2087 3602 regis

413 3608 515 3706 regni
540 3608 750 3684 Bolremic
777 3608 983 3709 compilata,
1016 3607 1050 3680 in
1077 3621 1238 3706 quantum
1266 3609 1383 3684 sacris
1410 3607 1553 3682 obviant
1582 3607 1750 3682 institutis
1778 3619 1814 3682 et
1838 3607 1993 3682 libertati
2020 3631 2086 3685 ec·

413 3710 623 3788 olesiastice
650 3735 695 3787 ac
721 3711 905 3812 prelibatis
931 3710 1080 3786 dominis
1107 3711 1290 3812 episcopo,
1318 3711 1500 3787 canonicis
1527 3722 1565 3786 et
1589 3711 1745 3810 capitulo
1772 3711 1934 3786 ecclesie
1953 3711 2086 3785 Wra-

413 3814 705 3892 tislauiensis
737 3839 783 3891 ac
817 3814 915 3891 clero
948 3814 1104 3891 civitatis
1136 3827 1173 3890 et
1206 3811 1366 3890 diocesis
1391 3811 1555 3913 ejusdem
1581 3814 1837 3889 contrariautur
1867 3839 1935 3890 serr
1960 3817 2085 3914 preju-

411 3915 532 3992 ditinm
557 3917 818 4019 quomodolibet
848 3919 998 3995 aderunt
1030 3929 1067 3994 et
1092 3941 1303 4018 gravonren,
1337 3929 1527 4004 revocata,
1563 3927 1730 4006 cassata,
1765 3916 1863 3992 irrita
1888 3929 1925 3992 et
1951 3917 2085 3992 abolita

410 4021 582 4121 ipsosque
614 4023 838 4124 episcopum,
879 4022 1074 4098 canonicos
1112 4034 1149 4098 et
1181 4021 1370 4123 capitulum
1410 4042 1456 4098 ac
1490 4022 1622 4096 clerum
1656 4021 1812 4098 civitatis
1845 4034 1883 4096 et
1921 4019 2086 4098 diocesis

411 4121 816 4202 Wratislarriensis
849 4123 898 4201 ad
930 4127 1084 4228 ipsorum
1116 4125 1346 4227 capitulorum
1377 4141 1559 4226 pactorum
1590 4137 1628 4201 et
1652 4133 1860 4200 statutorum
1884 4125 2085 4200 observan-

411 4229 503 4306 ciam
532 4230 670 4306 minime
700 4229 814 4305 teneri
845 4240 906 4304 aot
939 4229 1119 4329 obligatos
1153 4255 1240 4305 csse
1272 4253 1318 4305 ac
1349 4226 1515 4329 quioquid
1548 4250 1613 4330 per
1644 4225 1777 4318 duces,
1808 4228 1991 4328 principes
2022 4229 2084 4306 vel

411 4327 503 4408 alios
534 4333 652 4410 laicos
682 4344 849 4434 pretextu
884 4347 1081 4433 pactorum,
1116 4333 1344 4435 capitulorum
1376 4343 1414 4410 et
1446 4343 1653 4408 statrrtorum
1684 4329 1888 4431 hujusmodi
1918 4331 1991 4412 ullo
2017 4359 2084 4407 urr-

410 4461 510 4537 qoarn
537 4449 697 4538 tempore
722 4437 853 4513 lactum
879 4437 1001 4528 fuerit,
1026 4437 1156 4511 irritrnn
1183 4447 1222 4512 et
1244 4437 1350 4512 inane
1375 4437 1546 4538 ipsosque
1572 4435 1732 4512 dominos
1756 4436 1983 4535 episcopum,
2017 4460 2084 4514 o·-

411 4541 558 4617 nonicos
584 4553 622 4618 et
647 4541 836 4721 οέἱίιιὴι
861 4565 907 4618 ac
934 4541 1066 4617 cler-um
1092 4541 1248 4618 civitatis
1275 4551 1312 4616 et
1335 4538 1643 4618 diocesisWrat
1671 4539 1964 4640 repromissione,
1992 4539 2085 4614 obli·

410 4645 564 4742 gaciouc
590 4656 627 4722 et
651 4645 671 4720 l
716 4647 835 4721 eribo·
853 4645 953 4721 circa
977 4645 1155 4746 premissa
1179 4643 1440 4744 quomodolibet
1464 4643 1624 4744 prestitis
1650 4657 1688 4718 et
1712 4643 1822 4719 factis
1845 4643 2019 4718 liberatos
2045 4655 2083 4720 et

409 4749 595 4824 absolutos
628 4773 675 4826 sc
707 4749 742 4823 in
775 4748 955 4848 pristinum
990 4759 1137 4838 statum,
1178 4749 1214 4822 in
1247 4773 1317 4848 quo
1350 4761 1434 4824 anto
1467 4745 1664 4823 edicionem
1696 4743 1866 4823 dictorum
1899 4759 2081 4847 pactorum

410 4863 512 4926 erant
536 4852 737 4939 restitutos,
771 4849 951 4954 repositos
981 4863 1020 4928 ct
1043 4853 1281 4952 reintegratos
1313 4875 1419 4942 esse,
1446 4861 1548 4950 prout
1572 4849 1643 4928 bec
1675 4861 1713 4926 et
1738 4850 1812 4925 alia
1835 4850 1869 4924 in
1894 4851 2081 4952 premissis

408 4949 523 5030 literis
546 4955 758 5056 apostolicis
778 4955 941 5058 desurper
966 4955 1145 5034 conlectis
1168 4955 1306 5058 plerrins
1332 4955 1523 5048 babsrrtsr,
1556 4977 1622 5055 per
1651 4953 1860 5057 prelibatum
1886 4953 2079 5032 sanem·
