4594 5774
301 529 303 532 ·
409 505 489 588 tto
625 555 628 565 κ
746 481 755 490 ’
1052 509 1263 583 umorem
1318 507 1453 582 ccxc

409 711 695 814 robisquoquid
720 711 871 813 egeritis
896 709 945 810 de
969 711 1053 806 hiis,
1079 713 1214 790 romnis
1238 712 1353 790 boens
1376 711 1550 812 sigilatis
1573 712 1633 790 rel
1659 710 1767 796 motio
1791 711 1862 790 alio
1888 709 2100 792 idonens·

410 811 541 896 dolam
556 817 747 895 iacientes.
801 816 1006 909 (incana,
1034 815 1095 892 die
1122 814 1309 906 dominico,
1337 840 1405 916 quo
1423 816 1671 896 Remiuiscerc
1697 818 1732 894 in
1758 817 1932 894 ecclesiis
1958 815 2099 898 decau-

410 933 523 1015 tatur,
559 945 652 1002 auno
684 918 814 996 domini
847 918 1082 1000 MCCCLX.
1141 920 1182 996 ln
1217 921 1451 998 testimonium
1477 921 1729 1023 premissorum
1762 921 1918 1022 sigillum
1942 931 2099 1000 nostrum

410 1025 640 1130 presentibus
666 1023 832 1101 duximus
858 1022 1144 1128 appendendum.

516 1129 599 1221 era
621 1127 763 1230 quidem
779 1129 885 1205 litera
901 1153 967 1230 per
984 1153 1040 1206 mc
1057 1129 1222 1230 perlecta
1238 1128 1378 1228 integre
1397 1137 1436 1205 et
1452 1127 1640 1230 complete,
1667 1126 1830 1206 domiuus
1846 1129 1873 1204 J
1878 1127 2100 1224 ohannes,

436 1231 617 1336 repositus
632 1232 914 1313 Calisieusis
935 1248 1111 1310 executor
1126 1229 1357 1336 supradictus
1383 1232 1597 1310 auctoritate
1615 1233 1829 1310 auctoritate
1849 1233 1944 1331 (sic)
1971 1233 2041 1309 sibi
2064 1233 2100 1310 in

410 1261 614 1440 deoperte
637 1335 771 1413 tradita
796 1361 862 1414 sen
890 1361 1090 1430 concessa,
1125 1333 1359 1414 reverendum
1392 1336 1428 1411 in
1455 1335 1603 1414 Cbn‘sto
1628 1347 1767 1438 patrem
1800 1335 1894 1414 dom.
1920 1338 2100 1416 Preca-

409 1443 542 1532 laum,
567 1439 775 1543 episcopum
801 1437 1054 1542 supradictum,
1075 1445 1186 1540 juxta
1211 1440 1471 1518 continenciam
1494 1440 1676 1518 literarum
1700 1437 1940 1541 predictarum
1965 1453 2097 1518 aomo

411 1547 518 1622 ritate
548 1546 617 1620 sibi
651 1545 842 1622 commissa
874 1544 1063 1622 caritative
1095 1545 1321 1637 hortabatur,
1354 1543 1540 1644 requisivit
1571 1555 1608 1620 et
1640 1544 1841 1622 efficaciter
1873 1568 1942 1620 uno
1975 1543 2099 1624 edicto

312 1653 317 1662 '
410 1674 476 1753 pro
501 1650 613 1726 tribus
638 1648 875 1750 peremptorie
901 1649 1044 1742 monuit,
1072 1660 1247 1749 qnatenus
1273 1673 1338 1750 pro
1365 1645 1516 1726 comodo
1542 1647 1781 1726 eeclesiarum
1808 1649 1927 1726 tocius
1951 1653 2099 1751 provin·

257 1748 265 1762 ’
412 1754 470 1832 eie
497 1764 536 1830 et
558 1752 748 1854 presertim
772 1757 839 1830 su'e
864 1753 1029 1830 ecclesie
1046 1753 1188 1828 Wrat.
1216 1765 1254 1830 et
1280 1753 1371 1827 bono
1397 1761 1494 1828 statu
1521 1751 1760 1828 ecclesiarum
1786 1750 1992 1847 eomndem,
2018 1765 2098 1830 sto*

374 1919 377 1924 .
411 1868 488 1936 orta
512 1854 679 1958 predicta
702 1856 796 1933 infra
819 1855 981 1958 spacium
1006 1858 1110 1932 nnius
1135 1857 1271 1934 mensis
1295 1881 1320 1930 a
1345 1853 1434 1930 data
1462 1855 1688 1957 presencium
1713 1855 1749 1930 in
1775 1856 1986 1958 prescriptis
2012 1857 2098 1935 lite-

410 1963 461 2038 ris
487 1969 707 2062 expressato
731 1963 944 2037 observaret
968 1971 1006 2037 et
1032 1961 1174 2038 faceret
1199 1962 1245 2037 ab
1272 1959 1353 2034 aliis
1382 1959 1439 2034 ubi
1456 1984 1547 2061 opus
1573 1959 1668 2036 soret
1690 1959 1942 2037 inviolabiliter
1966 1962 2096 2038 obser·

412 2066 490 2142 nari
516 2063 717 2166 eydcmque
743 2061 883 2140 domino
908 2065 1132 2140 Preczlao
1159 2066 1333 2166 episcopo
1359 2064 1501 2140 Wrat.
1535 2063 1699 2156 inhibuit,
1734 2088 1780 2140 nc
1812 2061 1861 2140 de
1895 2065 1997 2140 bonis
2030 2090 2097 2143 ec·

414 2169 531 2247 olcsie
556 2173 637 2244 sue'
650 2169 792 2244 Wrat
816 2165 981 2269 predicte
1005 2168 1183 2244 alienaret
1206 2169 1267 2245 nel
1293 2167 1328 2241 in
1355 2166 1507 2266 aliquam
1527 2167 1800 2258 clienacionem,
1826 2169 2098 2248 submissionem

413 2273 770 2373 aut'subjecciouem
797 2272 975 2363 bonorum,
1002 2268 1197 2374 opidorum,
1224 2281 1434 2362 castrorum,
1460 2269 1686 2364 decimarum,
1713 2271 1956 2366 municionum,
1988 2271 2098 2350 villa-

412 2403 487 2452 rum
512 2374 612 2453 dicte
639 2376 778 2452 Wrat
806 2374 969 2452 ecclesie
996 2375 1226 2466 consentiret,
1253 2375 1476 2450 submitteret
1500 2375 1560 2450 vel
1587 2377 1781 2470 subiceret,
1808 2375 1963 2476 alioquin
1989 2401 2098 2454 rere-

413 2478 559 2558 rendrmr
585 2493 722 2581 patrem
747 2479 773 2556 J
780 2478 1020 2570 aroslaum,
1047 2478 1358 2580 arehiepiscopum
1383 2477 1638 2579 supradictum,
1659 2483 1769 2579 juxta
1786 2477 2014 2580 eitigenciom
2031 2505 2098 2558 ne-

414 2584 575 2684 gocii'et
600 2582 804 2682 qualitatem
829 2581 920 2658 lacti
945 2591 1070 2660 contro
1094 2582 1209 2684 ipsum
1233 2580 1436 2684 procedere
1463 2593 1659 2684 oporteret,
1691 2609 1801 2686 super
1832 2584 1959 2684 quibus
1985 2587 2097 2662 omui·

413 2689 483 2762 bus
510 2697 548 2763 et
572 2686 724 2785 singulis
750 2684 843 2760 dom,
869 2687 896 2763 J
903 2685 1123 2778 ohannes,
1157 2686 1364 2789 prepositus
1388 2696 1621 2778 memoratus,
1654 2711 1679 2762 a
1705 2711 1761 2764 me
1786 2687 1924 2766 notario
1954 2688 2098 2792 publico

413 2790 645 2892 infrascripto
674 2789 746 2866 hoc
776 2814 931 2892 presens
970 2789 1147 2889 publicum
1178 2791 1442 2866 instrumentum
1483 2791 1553 2865 sibi
1584 2791 1662 2867 fieri
1693 2791 1899 2892 postulavit.
1964 2793 2097 2872 Acbrm
2171 2809 2173 2812 ’

414 2917 519 2986 armo,
544 2891 760 2984 indiccione,
786 2917 923 2986 mense,
951 2891 1031 2986 die,
1058 2893 1147 2969 hora
1173 2906 1210 2971 et
1237 2894 1320 2970 loco
1347 2893 1474 2994 quibus
1500 2919 1627 2995 supra,
1652 2895 1880 2996 presentibus
1907 2896 2096 2972 honorabi-

413 2997 508 3074 libus
536 3007 573 3074 et
596 2995 767 3076 discretis
792 2998 891 3090 viris,
918 2994 1069 3074 dominis
1093 2998 1289 3074 Nicolao
1315 2995 1586 3100 archidyacono
1613 2997 1925 3098 Glogouieusi,
1951 2999 2096 3078 Nico·-

414 3103 488 3178 lao
515 3099 563 3179 de
589 3101 832 3179 Panowien
865 3099 1018 3178 custode
1052 3102 1216 3178 ecclesie
1247 3101 1393 3202 majoris
1419 3101 1844 3196 Wtatislauiensis,
1878 3104 2016 3180 Petro
2048 3102 2097 3182 de

414 3205 636 3282 [roslauia
659 3205 816 3308 plebano
841 3205 1005 3283 ecclesie
1030 3205 1268 3306 panochialis
1292 3207 1328 3280 in
1354 3205 1574 3282 llathibor
1606 3219 1644 3284 et
1669 3207 1880 3282 hutkone
1906 3208 2098 3310 capellano

415 3308 547 3389 domiui
569 3308 792 3487 ,liogannis
823 3309 997 3411 prepositi
1026 3309 1311 3388 Kalisieusis
1338 3307 1537 3411 supradicti
1570 3318 1606 3386 et
1640 3310 1902 3412 quampluribus
1930 3311 2013 3388 aliis
2039 3325 2098 3392 bc·

414 3415 531 3490 stibus
556 3414 578 3486 fi
607 3437 629 3488 e
655 3414 667 3487 i
717 3412 761 3488 is.

518 3516 572 3592 ldt
602 3437 1039 3615 egognWencneslons
1067 3515 1330 3617 Sbynconis
1363 3513 1411 3592 de
1437 3515 1600 3608 Lnlcn,
1634 3514 1791 3593 clericus
1826 3515 2097 3596 olomucen·

416 3620 485 3696 sis
509 3617 699 3722 dyocesis,
724 3619 891 3720 publicus
914 3619 1128 3698 auctoritate
1145 3619 1326 3722 'imperiali
1352 3621 1522 3710 notarius,
1549 3620 1782 3722 prescriptam
1800 3619 1937 3696 literam
1954 3619 2004 3698 de
2020 3647 2097 3698 rra·

398 3725 520 3804 uibus
545 3723 764 3800 venerabilis
787 3723 866 3814 viri,
893 3721 1023 3797 domini
1045 3724 1266 3800 Johannis
1292 3725 1465 3825 prepositi
1491 3722 1773 3801 Calisiensis
1806 3723 2005 3825 sopradicti
2035 3750 2096 3802 rc-

417 3828 500 3930 cepi
530 3827 716 3930 ipsamque
748 3825 798 3902 ad
827 3827 1189 3949 peticionemipsius
1222 3825 1341 3904 etde
1374 3832 1456 3927 ejus
1488 3825 1642 3929 speciali
1675 3851 1855 3950 consensu
1876 3828 2030 3930 'perlegi
2060 3840 2099 3906 et

415 3931 1376 4138 bttltld,tbltbbbllln‘hbib
1392 3929 1908 4136 tblt'bbtlttfttt
1924 3930 2096 4114 3³:332?

417 4140 529 4215 laum
556 4138 984 4217 Wratislauienscm
1010 4140 1217 4240 episcopum
1244 4137 1484 4240 supradictum
1512 4139 1734 4230 hortabatur,
1761 4141 1893 4214 monuit
1918 4151 1956 4216 et
1982 4138 2098 4218 eidem

320 4289 324 4299 ·
416 4243 576 4336 inhibuit,
602 4247 705 4344 prout
730 4240 992 4344 supradicitnr,
1017 4266 1123 4337 anno,
1148 4240 1363 4335 indiccione,
1389 4242 1609 4344 pontificato,
1636 4241 1707 4335 die,
1735 4243 1824 4318 bora
1848 4256 1887 4320 et
1911 4244 1994 4322 loco
2020 4245 2099 4347 qm'e

378 4435 385 4455 p
417 4347 486 4422 bos
512 4371 639 4449 supra,
669 4371 741 4422 uua
772 4372 850 4424 cum
883 4345 1097 4448 subscriptis
1122 4347 1276 4422 testibus
1300 4371 1455 4447 presens
1485 4347 1629 4424 interlui
1660 4347 1846 4448 ipsamque
1879 4348 2017 4425 literam
2048 4347 2098 4426 de

418 4451 530 4527 verbo
564 4448 613 4526 ad
638 4450 783 4525 verbum
816 4473 894 4525 cnm
920 4450 1034 4551 ipsius
1065 4450 1187 4551 sigillo
1210 4450 1422 4552 transcripsi
1452 4449 1609 4528 fideliter
1633 4461 1671 4526 et
1695 4453 1921 4554 omen-psi,
1955 4452 2004 4528 nil
2029 4452 2097 4530 ade

419 4551 513 4634 deus
537 4554 599 4631 vel
617 4553 796 4645 'mouens
822 4550 918 4652 quod
943 4557 1089 4630 sensnm
1113 4554 1271 4630 immutet
1294 4555 1356 4630 vel
1379 4555 1491 4631 viciet
1521 4554 1739 4630 intellectum
1771 4566 1808 4632 et
1839 4557 1876 4630 iu
1900 4556 2008 4632 hano:
2023 4555 2097 4632 sor-

419 4679 512 4734 mam
533 4657 711 4760 publicam
735 4654 872 4757 redegi,
888 4681 1014 4757 meque
1038 4657 1100 4736 hie
1125 4683 1205 4736 cum
1230 4659 1335 4758 signo
1361 4683 1439 4734 meo
1466 4669 1504 4734 et
1526 4658 1668 4733 nomine
1694 4658 1785 4735 meis
1806 4660 2098 4736 cmtsuctiscom

418 4761 552 4864 scripsi
575 4760 870 4838 in=teslimonium
897 4761 1044 4836 omnium
1070 4763 1333 4864 premissorum,
1358 4760 1584 4862 presentibus
1603 4759 1882 4838 honorabilibus
1901 4761 2100 4840 ethere*

420 4865 469 4940 tis
493 4863 610 4959 viris,
631 4863 782 4942 doruinis
807 4865 943 4942 Petro
976 4863 1029 4942 de‘
1049 4863 1245 4943 (lustina
1268 4862 1620 4968 vicearchidyaqono
1645 4865 2029 4950 Wratisl'auiensi
2059 4881 2100 4948 at

412 4967 622 5046 =Nieolao
658 4967 717 5107 de'
745 4966 1098 5072 Schellindorpb
1134 4981 1283 5048 cantore
1314 4967 1490 5048 ccclesia
1529 4995 1579 5045 s..
1601 4971 1721 5047 blarie
1758 4969 2098 5072 Glogouieusia,
2258 4985 2263 4994 '
