4660 5762
344 571 346 574 ,
396 493 475 572 ers
933 489 1153 563 nemea
1209 487 1349 562 ccxx.
1379 487 1544 578 cexrr.

395 723 487 778 eure
510 694 611 774 idoli
637 705 676 772 et
690 689 858 794 pervigili
882 691 1089 768 laborastis.
1124 690 1177 768 Et
1202 691 1366 789 quonian
1391 671 1521 768 eadem
1549 688 1715 768 eeclesia
1739 685 1845 766 medo
1870 687 1998 790 majori
2023 713 2091 794 op·

396 801 588 906 pressione
618 799 775 887 laborat,
808 793 976 894 eoquod
1003 793 1079 869 dux
1104 794 1539 884 Wretiulaeiensis,
1574 817 1772 895 oppressor
1801 793 1917 894 ipsius
1951 805 1990 870 et
2020 791 2092 872 de·

398 913 566 996 structor,
594 911 632 977 et
656 909 887 984 executurum
911 897 1096 1000 primorum
1119 908 1158 974 et
1181 896 1420 974 secundorum
1445 895 1549 974 sedis
1566 896 1770 999 apostolice
1785 897 1920 972 monita
1936 908 1975 974 et
1989 921 2092 974 man·

397 1006 488 1084 data
513 1005 561 1082 de
586 1027 654 1078 nen
681 999 869 1102 gravando
896 1002 1093 1079 eeclesiam
1119 1025 1188 1076 nen
1215 1011 1357 1101 reputat
1382 1011 1421 1076 et
1445 1011 1591 1076 nostrus
1617 1000 1828 1078 sentencias
1844 999 2033 1102 vilipendit
2054 1012 2093 1079 et

397 1111 539 1188 litteras
564 1132 589 1182 e
615 1107 810 1181 Romana
836 1105 937 1181 curia
961 1129 1028 1206 per
1052 1129 1122 1180 ves
1147 1105 1314 1180 obtentas
1340 1128 1405 1205 pre
1431 1103 1601 1180 iratribus
1626 1103 1739 1181 vestri
1766 1101 1900 1180 ordinis
1926 1101 1976 1179 ad
2001 1129 2092 1182 em-

399 1212 482 1292 dem
508 1210 655 1302 ducem,
683 1220 721 1283 ut
747 1233 814 1284 eos
839 1207 993 1285 deberet
1018 1205 1067 1283 ad
1096 1219 1294 1296 cenventus
1320 1207 1484 1308 proprios
1510 1231 1704 1300 revocare,
1730 1207 1812 1309 ipse
1839 1205 1915 1282 dux
1940 1207 1975 1281 in
2001 1231 2092 1284 cen-

398 1327 563 1416 temptum
589 1314 782 1414 Romane
809 1311 973 1389 ecclesie
999 1335 1069 1387 nec
1101 1311 1267 1412 recipere
1292 1311 1404 1386 veluit
1437 1335 1506 1387 nec
1532 1308 1679 1402 videre,
1713 1335 1881 1408 regamus
1913 1307 2092 1388 dileccio-

398 1444 477 1496 nem
502 1428 679 1508 vestram,
714 1428 891 1514 quatenns
924 1426 1070 1517 prepter
1104 1411 1208 1490 deum
1242 1438 1306 1516 pro
1340 1414 1601 1490 reformociene
1620 1411 1799 1490 'ecclesie
1833 1425 1957 1490 nostre
1992 1416 2093 1492 circa

398 1521 491 1598 dero.
518 1545 648 1622 papam
673 1519 708 1592 in
736 1530 899 1618 quantum
925 1518 1082 1620 potestis
1109 1528 1146 1594 et
1171 1517 1370 1619 specialem
1403 1515 1496 1592 dem.
1521 1529 1679 1591 uestrum
1711 1516 1856 1592 bouem
1889 1517 2090 1592 Latinum

398 1637 436 1702 et
467 1625 561 1700 alies
593 1619 801 1699 cardinales
836 1619 1046 1722 adjuvando
1086 1631 1230 1696 nostros
1264 1631 1518 1720 procuratores
1543 1617 1738 1718 dignemini
1770 1620 1970 1697 aellieioies
1995 1621 2090 1741 vigi-
2228 1705 2230 1709 ι

396 1729 496 1818 lare,
523 1738 561 1802 et
587 1725 769 1816 ecelesia,
802 1750 882 1802 cum
908 1724 1159 1827 respiraverit,
1193 1736 1383 1825 occeptum
1408 1749 1474 1825 per
1499 1747 1568 1798 ves
1595 1724 1803 1800 beneficium
1828 1723 1865 1798 in
1890 1747 2090 1800 menonem

396 1853 461 1934 pro
488 1853 556 1905 sno
583 1826 724 1904 modulo
750 1828 948 1904 revocabit.
1002 1828 1062 1903 De
1089 1827 1257 1902 fratribus
1284 1837 1401 1904 autem
1428 1827 1627 1902 Minoribus
1653 1840 1692 1903 et
1715 1827 1848 1904 abbate
1874 1851 1906 1902 s.
1925 1827 2089 1904 Vincen-

397 1935 457 2024 cli,
485 1934 543 2034 qni
570 1943 715 2006 nostras
742 1941 994 2032 contempnunt
1019 1931 1228 2008 sentencias
1254 1933 1463 2022 observare,
1491 1953 1541 2006 ex
1564 1955 1708 2030 quemn
1724 1930 1825 2006 facte
1841 1954 1946 2008 onrrre
1962 1931 2090 2006 malum

397 2047 522 2114 nostre
546 2036 701 2112 sustinet
726 2035 910 2128 ecclesie,
936 2035 1030 2111 later
1053 2034 1280 2136 presencium
1306 2035 1449 2136 plenius
1474 2035 1580 2110 vebis
1607 2031 1717 2112 dicet.
1776 2033 1908 2110 Datum
1934 2034 2030 2114 deut
2053 2035 2089 2110 in

395 2138 690 2243 precedentibus.
1732 2161 1734 2168 ’

1040 2354 1445 2366 m

501 2551 603 2644 ltem,
628 2550 750 2626 littera
776 2573 886 2650 super
908 2549 1117 2651 privacione
1143 2546 1273 2624 demini
1287 2546 1496 2624 Sbroelai
1524 2558 1564 2624 et
1581 2547 1808 2628 institucione
1830 2545 1961 2624 domini
1983 2548 2089 2627 decis

399 2649 596 2732 Cenradi
620 2655 656 2728 in
683 2655 911 2754 prepositura
936 2651 1333 2728 Wratiuleuiensi.

501 2757 696 2834 Thomas
734 2753 771 2830 d.
806 2780 861 2854 gr.
895 2767 968 2832 etc.
1001 2755 1182 2831 universis
1222 2765 1415 2856 presentes
1448 2754 1588 2831 litteras
1619 2753 1838 2854 inspecturis
1870 2753 2022 2830 sulutem
2052 2755 2088 2830 in

399 2882 456 2950 eo,
482 2859 540 2958 qui
568 2869 628 2935 est
652 2859 800 2934 omnium
826 2883 917 2934 vera
942 2857 1057 2934 salus.
1109 2856 1201 2936 Onrrr
1226 2856 1372 2956 dignum
1399 2857 1464 2949 sit,
1493 2869 1530 2932 ut
1554 2857 1763 2934 malemeriti
1788 2869 1958 2956 egestate
1981 2856 2086 2934 labo·

397 2973 477 3038 rent
502 2974 540 3038 et
559 2961 652 3060 justi
677 2962 823 3037 labores
850 2959 963 3038 edere
989 2959 1148 3037 debeant
1171 2961 1363 3062 impiorum,
1390 2983 1469 3052 nes,
1496 2959 1555 3060 qui
1581 2957 1629 3035 ad
1656 2958 1875 3036 subditorum
1905 2983 2088 3038 excessus

397 3089 521 3142 snmus
546 3066 654 3166 positi
681 3063 929 3163 corrigendos,
958 3076 1059 3142 certe
1086 3065 1229 3142 cercius
1256 3065 1432 3156 scientes,
1458 3062 1554 3163 quod
1580 3061 1674 3138 dem.
1691 3062 1966 3154 Sbrealarrs,
1993 3062 2087 3140 filins

396 3169 423 3246 J
430 3193 516 3244 axe
541 3168 678 3260 militis,
705 3166 787 3244 duci
806 3169 947 3244 Wrat.
975 3165 1187 3244 adversame
1214 3167 1378 3244 ecclesie
1400 3178 1524 3242 nostre
1542 3167 1850 3244 excommunicato
1867 3167 1981 3243 astitit
1997 3190 2086 3243 corr-

397 3272 491 3364 silio,
519 3271 654 3346 auxilie
680 3282 718 3349 et
743 3271 888 3358 favore,
916 3273 1037 3362 nobis,
1065 3271 1222 3372 capitulo
1249 3282 1287 3347 et
1312 3279 1437 3346 nostre
1463 3271 1627 3346 ecclesia
1653 3269 1839 3348 derelictis
1865 3283 1903 3346 et
1931 3267 2087 3370 quodie

396 3374 490 3450 locis
516 3399 582 3472 per
607 3397 675 3449 nos
701 3397 751 3448 ex
777 3375 902 3450 cauus
926 3373 1111 3472 legittimis
1136 3373 1401 3450 racionabiliter
1425 3371 1616 3452 interdicto
1642 3375 1840 3474 subpositis
1866 3375 1901 3449 in
1924 3384 2085 3451 centem·

396 3485 493 3576 ptum
520 3477 673 3550 eluviem
701 3475 863 3553 ecclesie
890 3485 928 3551 et
954 3477 1227 3554 enervacionem
1247 3477 1377 3575 jurium
1403 3477 1519 3577 ipsius
1544 3477 1784 3554 irreverenter
1799 3477 2087 3577 frequentissime

396 3579 585 3653 immiscuit
611 3601 654 3652 se
682 3576 824 3670 divinis,
849 3589 996 3678 prepter
1021 3577 1117 3678 qnod
1143 3591 1181 3655 et
1204 3580 1479 3678 irregularitatis
1505 3591 1623 3656 notam
1648 3581 1794 3657 incurrit
1812 3586 1898 3680 jure
1916 3582 2087 3658 communi

397 3692 436 3756 et
455 3685 566 3780 juxta
590 3681 874 3756 eorrstitucieuos
900 3682 1120 3756 venerabilis
1144 3683 1271 3783 patris,
1299 3681 1391 3756 doru.
1406 3683 1619 3786 Philippi,
1647 3682 1684 3758 d.
1711 3707 1764 3783 gr.
1781 3685 1978 3759 Firmani
2005 3684 2085 3784 epi·

400 3784 518 3885 scopi,
546 3781 721 3884 quendem
748 3795 865 3884 apost.
889 3782 973 3859 sed.
998 3783 1111 3885 legati
1137 3785 1459 3887 perPoleniam,
1487 3787 1873 3864 excommunicacionis
1894 3789 2085 3886 laqueosa

395 3887 562 3979 involvit,
596 3912 687 3984 quas
718 3887 1004 3986 irregularitates
1036 3898 1074 3964 et
1099 3890 1497 3966 excommunicaciones
1521 3902 1698 3990 tamquam
1729 3890 1901 3965 favillam·
1914 3899 2085 3991 reputans
2132 3910 2137 3916 ·

395 4013 512 4090 usque
538 3987 648 4066 hodie
674 3991 790 4066 anime
815 3993 971 4067 srrstinet
994 3990 1176 4084 indurato,
1203 3992 1366 4070 ecclesie
1391 4017 1461 4068 non
1481 3991 1662 4070 deserens
1678 3993 1958 4087 destmretorem,
1995 3997 2084 4070 eun·

397 4091 478 4170 dern
506 4092 777 4170 Sbrozlaum
809 4105 954 4197 propter
979 4095 1144 4196 prefatos
1170 4119 1355 4173 excessus
1387 4107 1426 4172 et
1450 4098 1677 4200 quamplures
1702 4099 1795 4173 alios
1828 4121 1907 4173 curn
1934 4097 2085 4174 consilio

397 4196 543 4272 fratrum
568 4208 767 4274 nestrorum
794 4223 884 4298 qrres
909 4211 1102 4300 presentes
1127 4200 1264 4276 habere
1289 4201 1477 4302 potuimus,
1504 4202 1731 4304 prepositure
1755 4211 1794 4277 et
1817 4199 2004 4302 prebenda
2020 4223 2086 4302 per

397 4302 620 4378 sentenciam
644 4302 873 4403 privavimus,
901 4302 1051 4401 quasin
1078 4303 1217 4378 Wrat.
1245 4305 1411 4380 ecclesia
1436 4305 1630 4396 obtinebat,
1657 4305 1765 4380 villas
1791 4305 1907 4380 eciam
1934 4315 1972 4380 et
1998 4327 2084 4404 gre-

397 4402 505 4495 ciam,
533 4429 624 4502 ques
651 4429 675 4478 e
699 4406 802 4479 nobis
828 4405 952 4480 habuit
976 4406 1012 4480 in
1038 4403 1168 4482 eadem
1194 4407 1369 4502 ecclesia,
1396 4407 1558 4484 similiter
1582 4433 1649 4508 per
1674 4408 1896 4484 sentenciam
1913 4407 2084 4484 auferen-

396 4515 466 4580 tes.
519 4506 572 4580 Jnt
598 4507 761 4605 qnoniam
787 4506 880 4582 dem.
908 4505 1175 4599 Conradum‚
1202 4509 1357 4586 inclitum
1384 4509 1512 4586 ducem
1540 4509 1704 4586 Sleuie
1732 4521 1770 4586 et
1795 4509 1888 4585 dem.
1917 4509 1965 4587 de
1992 4509 2084 4586 Sa·

395 4630 527 4706 gano,
555 4610 750 4708 reperimus
771 4615 926 4708 justum,
954 4612 1059 4712 pium,
1087 4615 1322 4788 competentis
1344 4613 1556 4705 litterature,
1583 4615 1869 4691 conversacione
1886 4612 2084 4690 modestum

276 4731 299 4804 j
396 4719 434 4784 et
458 4711 613 4785 moribus
637 4722 885 4812 temperatum,
912 4713 1028 4814 ipsum
1052 4723 1123 4790 tam
1184 4715 1458 4815 eprepositura
1482 4741 1586 4815 qrrarn
1617 4715 1804 4817 prebenda
1827 4715 2004 4820 predictis
2029 4717 2084 4793 si·

368 4821 457 4888 ‚ont
481 4811 701 4910 prediximus
726 4839 793 4914 per
817 4815 1037 4892 sentenciam
1063 4818 1289 4909 vacantibus,
1314 4819 1590 4918 presencialiter
1614 4821 1650 4896 in
1676 4819 1951 4898 Rathiborin
1979 4817 2083 4896 dome

392 4913 549 5016 plebani,
574 4918 802 5015 presentibus
827 4919 997 4996 fratribus
1023 4920 1156 4995 nostris
1181 4919 1240 5019 qui
1257 4931 1341 4996 tunc
1363 4917 1517 4998 ederant
1539 4949 1607 5031 per
1630 4925 1818 5026 capucium
1841 4937 1998 5002 nestrum
2016 4947 2083 5002 eu·
