4660 5762
733 493 955 568 “ortumve
1010 492 1203 568 ΜΗ.
1235 493 1451 570 ΟΧΟΠΙΙ.
1479 522 1489 568 ·.
1868 501 1944 584 Μ

251 691 1944 828 tumente-naumiepsmpmonrennpmsemunotepemanip

252 797 368 894 duce,
395 823 499 899 quam
517 799 680 876 malma-it
696 823 762 900 pro
778 799 883 878 uobis
900 809 939 876 ot
954 825 1020 902 pro
1035 800 1171 878 nostris
1188 799 1340 902 prolatis
1358 811 1396 878 et
1413 803 1599 880 muouicis
1615 814 1663 882 ac
1690 807 1784 884 omni
1808 809 1945 889 famulis

251 928 356 1006 quam
381 902 566 980 nobioeum
592 899 802 980 duxerimus
822 903 982 982 obtineat
1007 905 1237 982 securitatem
1260 903 1440 1006 ydoneam
1461 907 1531 982 snb
1555 907 1687 1008 siffl‘llis
1703 909 1819 1011 ipsius
1836 911 1945 994 ducis

252 1008 396 1109 mojori,
424 1004 473 1084 dc
497 1007 722 1106 Legnicn,
749 1004 881 1084 domiui
904 1006 1197 1084 Bolconisde
1219 1009 1389 1102 horor,
1417 1008 1748 1109 Glogouieusis
1771 1027 1810 1092 et
1827 1015 1944 1118 Opo-
2007 1057 2013 1068 ·

251 1111 417 1190 liensis
434 1108 577 1204 dnorrrn
603 1109 688 1210 quia
704 1111 772 1186 sub
791 1109 928 1188 eisdem
953 1111 1088 1212 sigillis
1105 1111 1322 1189 consimilem
1342 1113 1527 1190 babuimus
1544 1115 1579 1190 iu
1597 1117 1763 1216 negociis
1780 1120 1944 1200 ecclesie
2105 1189 2111 1200 .

252 1214 454 1294 monetis
499 1213 581 1305 oue
605 1215 753 1290 enecta
769 1223 807 1290 et
823 1239 849 1290 a
863 1215 968 1292 uobis
991 1227 1143 1318 receptu
1160 1213 1253 1292 dom.
1277 1217 1578 1320 archiepiscopus
1602 1220 1706 1296 nobis
1722 1222 1891 1300 veniendi
1908 1224 1944 1305 io

252 1317 595 1400 Wratiulauiam
609 1315 751 1418 quando
765 1318 835 1394 sibi
846 1315 1025 1395 videbitur
1041 1320 1222 1396 terminu
1234 1321 1448 1422 assignabit,
1463 1321 1680 1422 quiamelius
1697 1323 1796 1425 apud
1813 1327 1943 1405 catlre-

253 1421 389 1502 drolem
406 1422 604 1500 ecclesiam
623 1427 729 1521 cujus
748 1420 880 1500 factum
895 1423 1013 1522 agitur
1025 1449 1129 1522 quam
1146 1425 1232 1500 alibi
1249 1437 1333 1502 suut
1347 1425 1507 1525 negucia
1523 1423 1761 1527 disponenda.
1791 1427 1845 1504 Et
1861 1431 1945 1529 quia

252 1550 383 1628 eaque
401 1538 505 1604 certa
520 1535 604 1602 suut
619 1550 689 1600 nou
708 1521 843 1602 debent
858 1525 894 1600 iu
912 1523 1054 1602 dubium
1072 1529 1249 1620 revocari,
1268 1527 1362 1604 dom.
1376 1527 1465 1622 dux,
1484 1541 1673 1629 antequam
1690 1531 1876 1608 verianus
1894 1531 1945 1610 od

251 1630 433 1708 tenuinurn
450 1653 516 1732 per
533 1626 626 1704 dom.
646 1628 957 1730 archiepiscopum
974 1630 1244 1732 assignandum,
1263 1629 1454 1732 diognetur
1466 1635 1659 1711 restituere
1676 1645 1858 1736 utrumque
1877 1660 1943 1714 cao

252 1744 363 1810 smum
388 1731 649 1810 0tmuclrovv
674 1743 712 1808 et
734 1729 980 1832 Edilsteyu
1004 1734 1214 1835 simpliciter
1237 1746 1275 1812 ct
1299 1761 1388 1836 pure
1407 1747 1478 1813 etc.
1507 1747 1672 1837 utsupra
1689 1739 1758 1834 (N.
1776 1737 1945 1818 CXCVI

252 1835 296 1914 S.
319 1837 392 1912 197
417 1837 465 1910 Z.
484 1836 509 1910 6
527 1837 583 1933 n.)
627 1835 680 1910 Et
697 1833 866 1935 quidquid
884 1836 1078 1913 voluntatis
1097 1836 1227 1914 domini
1245 1839 1512 1941 arcltiepiseopi
1531 1850 1569 1916 et
1584 1851 1711 1916 vestre
1737 1867 1848 1943 super
1873 1843 1944 1920 hiis

250 1941 376 2032 luerit,
402 1938 538 2016 vestris
561 1939 665 2014 nobis
681 1937 811 2014 litteris
829 1949 867 2016 et
883 1941 1012 2018 nuncio
1028 1941 1209 2018 brimeds.
1252 1941 1385 2018 Datum
1407 1941 1647 2036 narnium,
1681 1941 1768 2020 ΧΗ.
1792 1945 1943 2023 kalend.

250 2041 482 2120 Novembris.
1083 2071 1088 2077 ·
1945 2105 1951 2114 .

349 2151 406 2226 nr
421 2153 460 2220 tu
476 2151 605 2220 ocimu
621 2149 688 2220 boc
699 2147 783 2243 snit
797 2151 996 2244 scriptum:
1047 2145 1216 2240 Domine,
1250 2146 1333 2246 quia
1363 2173 1486 2222 sumus
1515 2148 1552 2222 in
1583 2150 1750 2248 negociis
1780 2151 1945 2230 ecclesie

250 2249 482 2348 frequencius
507 2248 755 2340 circumventi,
782 2245 1062 2347 rogamos'ros,
1089 2261 1128 2325 ut
1151 2249 1188 2324 iu
1214 2247 1380 2350 negociis
1407 2250 1570 2328 ecclesie
1595 2263 1718 2330 nostre
1745 2279 1824 2330 cum
1848 2253 1942 2332 dorm

251 2350 348 2430 duce
365 2367 499 2453 quom
512 2359 668 2451 putentia
685 2359 838 2426 coactos
855 2356 1070 2440 ambuletis,
1096 2353 1264 2453 quianon
1283 2378 1428 2456 sempor
1444 2352 1654 2432 deserviunt
1669 2359 1784 2434 verbo
1799 2359 1865 2436 rei.

352 2759 504 2836 Domino
530 2760 808 2864 archiepiscopo
831 2759 1136 2862 (Guenueusi)
1160 2787 1229 2864 per
1245 2763 1494 2842 Gerconem
1520 2767 1747 2868 capellanum
1770 2766 1864 2846 doru.
1884 2793 1942 2872 ep.
1970 2797 2114 2852 cxcvna

251 2865 586 2942 Pocnauiensis
603 2865 717 2940 missa
734 2877 793 2941 est
809 2865 930 2944 littera
948 2862 1135 2962 (Thome
1153 2867 1269 2969 episc.
1288 2869 1443 2968 Wrat.)
1463 2871 1619 2947 subhac
1637 2871 1767 2948 forma:
1959 2878 2105 3006 „¹33⁰”

355 3000 446 3082 cum
471 3001 550 3080 siue
573 3015 698 3080 vestre
723 3001 963 3080 discrecionis
981 3001 1133 3081 consilio
1152 3015 1189 3080 et
1207 3004 1321 3082 eciam
1339 3007 1524 3088 voluntate
1541 3004 1577 3082 in
1595 3009 1760 3104 negociis
1779 3007 1942 3086 ecclesie

251 3115 375 3184 nostre
392 3105 501 3183 nichil
518 3107 644 3184 lacere
660 3104 898 3198 intendamus,
924 3118 1029 3206 prout
1045 3107 1223 3183 hactenus
1240 3109 1344 3186 vobis
1363 3109 1645 3210 significavimus
1662 3111 1792 3187 litteris
1810 3111 1943 3186 uostris

252 3232 299 3288 ae
322 3211 451 3286 nuncio
474 3235 585 3312 super
607 3209 678 3286 boc
702 3209 925 3310 aliquociens
943 3207 1155 3304 destinatis,
1198 3223 1390 3314 eapropter
1412 3213 1617 3314 paternitati
1633 3225 1758 3290 vestre
1780 3215 1945 3292 volumus
2108 3211 2111 3218 ’

252 3337 341 3392 esse
364 3323 494 3402 uotum,
520 3310 616 3413 quod
639 3314 857 3390 venerabilis
879 3323 1003 3415 pater,
1030 3314 1365 3392 Ponuauieusis
1392 3317 1601 3418 episeopus,
1627 3309 1676 3393 in'
1692 3315 1753 3393 die
1778 3317 1812 3393 b.
1836 3318 1942 3394 Luce
1962 3323 2113 3380 ¹⁸·00obr-

253 3413 345 3492 dom.
363 3417 606 3494 Gercouem
626 3418 849 3518 capellanum
868 3435 969 3494 suum
987 3441 1065 3496 cum
1084 3419 1162 3492 suis
1178 3418 1309 3495 litteris
1327 3417 1378 3494 ad
1396 3444 1462 3495 nos
1479 3421 1575 3496 misit
1589 3421 1629 3513 ¹),
1656 3421 1807 3520 signam
1824 3420 1942 3512 nobis,

250 3519 346 3622 quod
368 3531 519 3620 rugatus
542 3544 610 3622 per
633 3517 726 3594 dom.
750 3518 880 3597 ducem
906 3521 1336 3599 Wratinlauiensem
1368 3521 1435 3598 fuit
1455 3524 1491 3598 iu
1515 3524 1822 3600 Wratinlauia
1845 3521 1943 3626 apud

251 3625 367 3727 ipsum
385 3635 423 3700 et
440 3619 535 3722 quod
553 3647 603 3699 ex
626 3635 729 3724 parte
753 3623 868 3724 ipsius
886 3620 991 3700 ducis
1018 3621 1068 3700 ad
1084 3651 1153 3702 vos
1171 3622 1400 3702 descendere
1418 3624 1553 3702 debeat
1578 3638 1615 3704 et
1631 3649 1764 3728 rogare
1782 3627 1943 3728 graciam

251 3737 423 3819 vestram,
450 3737 487 3800 ut
503 3727 538 3800 iu
556 3723 617 3802 die
635 3727 782 3802 omniurn
800 3737 1001 3804 sauctorum
1019 3729 1081 3804 vel
1097 3727 1132 3803 in
1152 3737 1285 3805 octava
1309 3729 1466 3831 ipsorum
1489 3730 1525 3805 in
1543 3727 1750 3833 Sycnow
1773 3755 1942 3808 unacum
1961 3751 2113 3806 tarsum

251 3831 333 3934 ipso
352 3831 526 3932 episcopo
545 3827 775 3906 descendere
793 3827 961 3906 debeatis
979 3841 1016 3908 et
1033 3831 1205 3910 mandare
1222 3831 1343 3928 uobis',
1370 3845 1408 3908 ut
1424 3833 1508 3908 iuibi
1525 3831 1574 3910 ad
1592 3829 1744 3914 eundem
1762 3835 1943 3911 terminum
2081 3911 2085 3918 ,

252 3936 449 4027 veniamus,
463 3931 533 4010 sed
552 3934 710 4008 brevitas
729 3935 899 4036 temporis
915 3934 1365 4036 impossibilitatemetc.ut
1382 3961 1493 4038 supra
1509 3937 1544 4011 in
1563 3938 1686 4032 alia'),
1703 3962 1835 4038 usque:
1860 3937 1943 4040 pla·

253 4047 338 4114 neat
353 4037 462 4138 igitur
477 4037 682 4140 paternitati
699 4047 835 4127 vestre,
864 4039 897 4112 si
913 4047 1032 4113 tamen
1048 4039 1261 4114 intencionis
1278 4049 1403 4115 vestre
1421 4039 1527 4115 luerit
1544 4065 1621 4117 crum
1640 4041 1720 4144 ipso
1739 4038 1835 4116 duce
1853 4063 1942 4120 cou-

251 4141 389 4234 venire‚
416 4152 453 4216 et
470 4165 537 4216 uos
555 4141 670 4218 eciam
689 4151 905 4232 convocare,
933 4151 971 4214 ut
995 4137 1114 4217 eidem
1132 4137 1216 4218 duci
1241 4139 1509 4243 persuadeatis,
1536 4141 1632 4242 quud
1656 4167 1724 4244 per
1742 4165 1821 4220 cum
1838 4141 1942 4220 vobis

254 4253 293 4322 et
309 4243 411 4320 uobis
428 4246 464 4320 iu
481 4243 785 4320 Wratizlauia
800 4243 906 4319 locus
924 4239 1030 4319 detur
1047 4253 1085 4320 et
1102 4267 1168 4320 nos
1186 4245 1232 4321 ab
1249 4245 1330 4348 ipso
1349 4241 1463 4338 duce,
1491 4245 1614 4322 habita
1629 4247 1734 4322 vobis
1751 4243 1943 4322 medianti-

251 4347 324 4424 bus
338 4347 535 4426 securitate
551 4346 710 4450 ydonea,
737 4371 839 4448 quern
856 4345 1037 4448 ydoneam
1061 4371 1150 4424 ease
1173 4345 1324 4426 dicimus
1348 4347 1381 4424 si
1405 4359 1476 4425 tarn
1494 4347 1597 4424 uobis
1615 4372 1720 4450 quam
1737 4349 1887 4451 prelatis
1905 4360 1944 4426 et

253 4452 413 4528 omnibus
432 4450 618 4530 canonicis
636 4451 768 4528 uostris
782 4475 828 4530 ac
846 4451 910 4526 toti
927 4449 1061 4526 familie
1074 4477 1177 4552 quam
1194 4451 1377 4530 uobiscum
1396 4449 1603 4528 duxerimus
1620 4477 1686 4554 per
1704 4449 1856 4529 eundem
1873 4449 1943 4526 du·

214 4603 222 4614 -
253 4579 332 4633 cem
346 4552 435 4632 data
452 4555 559 4632 buerit
575 4555 642 4632 sub
659 4554 791 4654 sigillis
808 4554 924 4656 ipsius
941 4551 1048 4630 ducis
1065 4555 1203 4654 majori,
1220 4579 1361 4633 neeuuu
1377 4557 1443 4631 Le
1450 4555 1698 4655 geinensis,
1718 4554 1942 4632 Bolkuuis

254 4655 303 4736 de
319 4659 347 4736 J
355 4683 491 4750 aanor,
519 4657 851 4758 Glogauieusis
869 4667 907 4735 et
925 4655 1195 4759 0pulieusis
1213 4657 1355 4751 dueum,
1374 4659 1459 4758 quia
1475 4659 1694 4738 consimilem
1712 4659 1943 4736 securitatem

341 4952 371 5028 1)
399 4945 432 5012 S.
454 4945 495 5011 N.
517 4945 674 5012 CXCVII.
740 4951 773 5028 2)
800 4945 832 5012 S.
855 4943 919 5013 1ae
939 4945 975 5012 Z.
999 4945 1040 5012 14
1060 4967 1088 5011 v.
1102 4967 1134 5012 u.
1153 4943 1204 5033 bia
1225 4943 1263 5010 Z.
1277 4946 1309 5010 d.
