4660 5762
415 505 498 588 Μ
1071 511 1439 588 mmmm

418 711 2099 898 meua-enmmpmuapuueaffln-

418 823 457 900 in
482 819 717 914 llatlrrlror,
743 819 812 896 IV.
837 817 921 897 udus
946 821 1117 921 Augusto,
1142 844 1237 896 amno
1262 817 1394 896 derum
1417 819 1603 898 mdlesnro
1700 818 1855 896 hm
1880 831 2043 924 reputo

1195 1229 1329 1319 cco

667 1422 787 1484 lmus:
807 1419 995 1496 Pdrlltrlu
1015 1419 1125 1496 Ιπιοι
1145 1421 1297 1484 leudem
1319 1421 1362 1482 lt.
1384 1422 1433 1484 nr
1454 1424 1506 1484 lu
1526 1423 1660 1486 tuton
1679 1423 1799 1486 lrttlar
1816 1417 1850 1498 ¹).

434 1566 1284 1644 orlglnllnAreltlretleslle-eupltelanlroelu,c.0.
1328 1571 2087 1640 Dummvsmtttsbtmflehnvleku

539 1659 1268 1727 dmumnsebetuttgtestogstnmaguatrrieu
1286 1661 1332 1714 IV·
1355 1663 1685 1714 mvfflwwbo
1708 1663 1985 1715 uedeo-mr

597 1761 695 1810 leIL·
715 1759 858 1808 mmet
878 1759 1009 1820 var
1028 1759 1089 1808 nm
1110 1759 1182 1808 GM
1200 1759 1300 1808 DVOEB
1320 1761 1435 1808 8188OE
1454 1762 1502 1810 BT
1522 1762 1646 1810 noum
1665 1761 1926 1810 wurmmwm.

287 1955 363 2029 uto,
521 1935 727 2014 innomine
753 1931 883 2010 domini
907 1957 1022 2008 amen.
1074 1933 1184 2010 hinet
1207 1934 1244 2008 in
1270 1931 1412 2009 eximiis
1437 1933 1695 2035 principatibus
1719 1933 1902 2012 eonstiturti
1916 1956 2104 2034 regnorum

263 2027 306 2086 ¹²
322 2031 395 2085 Μ
420 2041 517 2120 solio
540 2038 753 2140 dirigamus,
786 2036 953 2114 instantis
988 2047 1104 2114 tamen
1138 2036 1205 2112 sati
1236 2037 1462 2114 necessitate
1497 2037 1745 2139 conpellimor‚
1779 2048 1817 2113 ut
1843 2035 1925 2114 dum
1949 2034 2103 2114 medita·

418 2171 495 2227 nur
520 2143 656 2222 devota
679 2152 798 2218 mente
823 2139 1036 2232 novissima,
1071 2137 1121 2216 ad
1150 2139 1319 2241 placitum
1353 2138 1582 2242 disponamur
1613 2154 1651 2218 et
1676 2141 1836 2242 gasan
1860 2141 2014 2220 celestis
2036 2139 2103 2216 mi-

420 2246 620 2331 sericordie
645 2246 838 2345 largitoris.
889 2243 975 2320 Nos
998 2243 1107 2344 igitur
1132 2244 1380 2338 Henrious,
1413 2241 1451 2318 d.
1477 2269 1531 2346 gr.
1565 2242 1642 2320 dux
1667 2243 1841 2338 Slesie,
1876 2243 2103 2324 Craoonie

420 2367 459 2434 et
483 2321 786 2442 Ssuddmirie,
813 2345 1027 2426 meditantes
1054 2359 1093 2424 et
1117 2347 1273 2424 sollicita
1297 2347 1528 2450 revolventes
1553 2347 1736 2450 indagine,
1770 2349 1923 2450 qualiter
1946 2373 2014 2452 per
2035 2373 2104 2426 nos

420 2469 459 2536 et
483 2481 549 2558 per
573 2466 717 2532 nostros
742 2452 990 2554 progenitores
1016 2451 1183 2530 ecelesia
1214 2451 1311 2528 beati
1341 2451 1519 2528 Johannis
1544 2452 1580 2528 in
1605 2453 1932 2544 Wratizlauia,
1963 2477 2103 2532 neonon

422 2561 534 2652 Mna,
568 2556 827 2661 possessiones
850 2556 967 2657 ipsius
992 2555 1156 2632 ecclesie
1181 2567 1289 2655 atque
1314 2555 1605 2634 monasteriorum
1635 2557 1851 2658 diuumque
1882 2557 2017 2658 piorum
2045 2557 2104 2632 lo-

341 2693 346 2705 ·
420 2688 542 2742 eorum
566 2660 825 2764 possessiones
851 2671 889 2736 et
914 2657 1051 2760 predia,
1078 2683 1148 2759 que
1174 2649 1292 2736 eidem
1319 2659 1545 2762 episcopatui
1572 2672 1654 2736 sunt
1678 2662 1859 2760 subjecta,
1883 2659 2102 2738 mutusomi-

419 2767 489 2845 bus
515 2791 562 2844 ao
588 2763 745 2842 diversis
769 2763 919 2863 injuriis,
953 2763 1136 2864 pressuris
1162 2775 1201 2840 et
1225 2764 1490 2863 gravaminibus
1514 2764 1658 2841 infinitis
1683 2765 1719 2840 in
1743 2764 1873 2840 salutis
1898 2776 2020 2840 nostre
2041 2759 2100 2838 di·

419 2869 606 2976 spendium
631 2879 784 2946 aeteuus
808 2866 939 2944 suerint
963 2863 1144 2960 desolata,
1170 2891 1313 2967 quorum
1341 2868 1455 2946 seiam
1480 2867 1708 2970 dampnorum
1726 2869 1991 2946 estimaeionem
2013 2891 2099 2972 pro·

417 2988 499 3079 pter
521 2972 727 3050 infinitatem
757 2971 913 3073 ipsorum
938 2967 988 3046 ad
1013 2982 1148 3048 oertam
1172 2996 1243 3048 non
1267 2995 1460 3073 possumus
1485 2969 1663 3051 redooere
1692 2973 1943 3072 quantitatem,
1973 2973 2008 3048 in
2034 2955 2099 3048 sa'-

462 3277 495 3358 1)
526 3271 592 3336 Wo
614 3271 666 3336 die
686 3265 806 3336 iilteren
827 3265 996 3335 Abdriicke
1017 3269 1121 3334 dieser
1140 3265 1296 3335 Urlunde
1318 3292 1357 3332 zu
1378 3267 1488 3334 finden
1508 3293 1533 3334 s.
1548 3267 1698 3335 Walther
1719 3265 1831 3336 Silesia
1852 3267 2058 3362 diplomatica
2078 3271 2102 3352 l,

524 3381 557 3448 p.
578 3357 608 3420 d.
651 3355 729 3420 Hier
749 3353 906 3419 erscheint
926 3355 971 3418 sie
993 3365 1097 3418 zuerst
1117 3376 1173 3418 ons
1195 3351 1268 3418 dem
1289 3351 1461 3445 Originale.

461 3459 495 3548 l)
523 3455 659 3521 Hieraul
680 3454 834 3520 beziehen
860 3455 926 3519 sich
954 3451 1102 3548 folgende
1125 3455 1241 3520 Worte
1269 3457 1303 3519 in
1330 3454 1388 3520 der
1413 3453 1653 3560 Beglaubigung
1679 3455 1791 3557 obiger
1816 3455 1973 3523 Urltuude
2001 3455 2102 3522 durch

525 3541 588 3605 den
685 3542 773 3604 'strat
792 3561 854 3606 von
875 3538 1005 3606 Brealau
1025 3563 1099 3607 vom
1122 3541 1172 3605 16.
1193 3539 1256 3604 loli
1279 3539 1371 3606 1476.
1414 3541 1471 3605 Ort
1495 3539 1558 3606 'nul
1580 3565 1624 3605 rm
1646 3541 1779 3608 Archrre
1802 3541 1857 3607 des
1877 3538 2102 3634 Domeapittls,

451 3683 457 3690 ,
525 3625 627 3692 (llll.
726 3625 750 3688 Ρ
860 3624 1274 3726 entstreileulrlngtdussi
1332 3623 1471 3693 lrnnro
1507 3649 1558 3692 em
1574 3627 1713 3692 Waebse
1728 3625 1937 3692 animiam
1950 3625 2101 3703 Waolute,

524 3711 589 3810 mit
611 3709 669 3776 der
689 3647 880 3809 Πωξᾙὶε
907 3711 1087 3792 „Semnum
1109 3711 1241 3810 civitatis
1304 3709 1495 3810 'rstislavie‘t
1542 3715 1609 3780 Nos
1636 3711 1785 3782 eonsules,
1807 3713 1939 3778 civitatis
1961 3712 2102 3776 Wrotis-

526 3793 610 3862 laute
631 3817 885 3888 recognoscimus
906 3807 1016 3862 tenore
1038 3819 1237 3888 presencium
1258 3819 1417 3876 universus,
1439 3795 1526 3882 quod
1547 3798 1684 3884 qusrlom
1707 3797 1758 3863 die
1780 3810 2008 3864 salemensem

429 3953 434 3960 ,
526 3881 609 3947 xime
631 3874 680 3946 vel
708 3881 797 3967 quusi
825 3877 873 3945 ela
913 3904 932 3946 u
959 3891 1111 3946 venerunt
1133 3903 1241 3946 coram
1269 3879 1361 3945 nobis
1388 3879 1581 3946 uenerabiles
1610 3881 1745 3963 domini,
1772 3883 1841 3948 Geo
1881 3885 1926 3948 'us
1952 3881 2022 3947 Fre'

527 3979 559 4031 et
579 3963 729 4031 Nicolaus
749 3965 878 4032 Merbot
900 3968 921 4046 i,
943 3965 1087 4032 canonici
1109 3963 1239 4031 ecclesie
1254 3962 1533 4044 Vl'ratislauiensis,
1555 3977 1586 4031 et
1608 3967 1814 4032 ostenderunt
1827 3991 1871 4032 no
1895 3969 1919 4032 is
1941 3965 2103 4053 quondm

510 4049 650 4118 ,literam
671 4070 930 4151 pergamenorum,
959 4073 1055 4142 snper
1081 4073 1146 4138 qus
1172 4051 1268 4134 jacuit
1293 4047 1429 4142 sigillum
1450 4051 1613 4138 quoddam
1633 4071 1800 4144 mgnum,
1826 4075 1891 4138 qun
1920 4053 1990 4143 ipsa
2010 4049 2102 4117 iiten

487 4179 498 4201 .
526 4138 703 4228 apparebat
722 4134 857 4226 sigillata
877 4149 909 4202 et
928 4136 1096 4216 roborals3
1116 4159 1159 4202 an
1181 4147 1287 4202 sutem
1506 4135 1555 4204 vel
1575 4161 1641 4204 non
1660 4161 1838 4228 appensum
1858 4135 1918 4204 snit
1939 4159 2005 4202 non
2018 4136 2103 4202 vidi-

526 4245 606 4302 mus,
624 4223 680 4288 sed
701 4245 775 4288 eum
795 4225 929 4288 eandem
949 4219 1075 4290 literam
1095 4245 1160 4288 una
1181 4245 1254 4288 cum
1274 4223 1331 4314 sign
1356 4245 1377 4288 o
1399 4222 1528 4308 quidam
1550 4247 1587 4289 ex
1609 4223 1778 4306 conjuratis
1800 4224 1913 4290 nostris
1934 4221 1969 4288 in
1989 4243 2102 4288 manus

526 4309 698 4398 susciperet
718 4317 750 4372 et
771 4307 875 4372 uidere
897 4329 935 4373 oc
956 4303 1061 4400 legere
1082 4304 1184 4388 uellet,
1205 4307 1289 4371 idem
1311 4305 1448 4399 sigillum
1471 4309 1503 4371 in
1525 4309 1627 4373 sinum
1649 4332 1741 4373 suum
1762 4307 1884 4372 cecidit
1910 4307 1948 4373 Iu
1970 4330 2035 4394 quo
2057 4308 2102 4371 si·

527 4389 605 4496 gillo
631 4389 692 4456 suit
715 4413 780 4456 uno
805 4413 923 4484 ymago
949 4390 1052 4458 forme
1079 4387 1187 4471 virilis,
1219 4389 1359 4484 gladium
1385 4405 1418 4458 et
1445 4389 1582 4484 clipeum
1609 4417 1699 4460 more
1726 4391 1842 4457 ducum
1863 4391 1960 4457 Slesie
1986 4389 2101 4466 serens,

527 4497 679 4570 rmpresss
700 4476 734 4540 in
755 4497 828 4542 eera
849 4488 881 4541 et
901 4477 934 4540 in
956 4477 1019 4559 eius
1041 4474 1299 4542 adsumserencia
1325 4477 1370 4543 sic
1390 4479 1557 4570 scriptume
1595 4477 1731 4572 sigillum
1756 4477 1896 4544 Heinriei
2017 4477 2026 4494 '
2048 4477 2100 4541 dei

528 4563 636 4654 grecis
657 4561 744 4628 ducis
765 4559 864 4627 Slesie
885 4573 917 4626 et
937 4561 1058 4628 domini
1082 4559 1295 4628 Wratislsuie.
1343 4564 1416 4656 lpse
1437 4587 1511 4629 vero
1533 4562 1626 4629 litera
1646 4584 1741 4650 quam
1763 4563 1911 4644 uidimus,
1937 4585 1962 4627 rs
2045 4567 2101 4661 qui

526 4649 667 4734 sequitur
687 4646 728 4720 de
747 4645 845 4713 verbo
866 4646 907 4711 ad
928 4647 1059 4714 verbum
1080 4645 1139 4712 luit
1160 4649 1287 4716 tenoris.
1334 4649 1373 4714 ln
1394 4649 1523 4716 nomine
1546 4647 1666 4714 domini
1687 4669 1791 4726 omen,
1818 4645 1892 4714 licet
1911 4649 1945 4712 in
1966 4647 2099 4714 eximtis

433 4773 485 4808 «μ
528 4733 586 4818 (Et
606 4729 686 4822 folgt
705 4753 773 4796 nun
794 4731 846 4796 die
866 4730 1022 4798 Urkunde
1043 4754 1117 4798 vom
1137 4733 1189 4799 23.
1210 4734 1284 4798 luni
1307 4733 1404 4815 129⁰,
1430 4733 1470 4798 N.
1493 4733 1585 4800 ocu
1606 4729 1801 4826 vollstindig.
1843 4731 1882 4798 ln
1903 4735 1989 4816 cujus
2010 4733 2101 4798 testi-

529 4816 672 4884 monium
698 4828 804 4882 nostre
831 4815 961 4882 civitatis
986 4815 1123 4910 sigillum
1148 4817 1344 4910 presentibus
1377 4829 1424 4882 est
1449 4817 1693 4910 subappensum.
1748 4817 1866 4883 Datum
1894 4815 1974 4882 seris
2002 4817 2100 4917 tercia

529 4900 737 5052 poeqsttoledurn
756 4913 863 4969 sancte
883 4903 1077 4996 Margarete,
1098 4925 1184 4970 anuo
1205 4903 1328 4970 domini
1348 4899 1516 4970 millesimo
1538 4905 1848 4998 quadringentesimo
1869 4914 2100 4995 septuagesimo
