4594 5774
418 509 497 591 Μ
841 511 1059 586 uetustos·
1108 511 1395 586 &CLXXVHL
1425 511 1692 584 ecnfflx..

418 719 543 796 tantm
566 727 723 798 rrum
748 725 844 792 turre
869 715 1007 792 Wrut.
1030 713 1215 817 merboto,
1241 725 1365 792 noenu
1389 715 1530 792 nomine
1553 715 1704 793 efflet
1727 713 1896 792 nonme
1917 711 2102 815 μυῶν

378 811 383 830 ’
417 846 493 900 run
517 831 650 898 tentmn
675 819 725 902 de
748 818 951 896 redditibus
980 830 1017 896 et
1041 821 1273 921 proventibus
1298 820 1432 896 nostris
1464 842 1555 920 quon
1579 820 1616 894 'm
1640 820 1726 920 ipse
1747 832 1847 895 term
1870 819 2009 894 Wrut.
2034 819 2102 896 lm-

419 929 545 1005 bomrrs
570 923 921 1023 debentasigrreri
947 936 1111 1024 qrrntnm
1137 924 1301 1026 nosipsi
1326 921 1589 1025 deipsojure
1612 920 1915 1001 duculiderillis
1938 933 1978 999 et
2001 923 2105 1000 be&

418 1055 486 1133 per·
509 1027 694 1131 predictos
717 1029 859 1104 nobiles
885 1029 1074 1130 occurentis
1098 1029 1264 1130 recipere
1290 1026 1517 1119 deberemus,
1544 1029 1577 1102 si
1602 1025 1808 1127 hujusmodi
1827 1033 1894 1126 jus
1911 1025 2044 1104 ducale
2067 1027 2105 1104 in

419 1146 545 1210 nostro
567 1145 751 1234 potesteto
775 1133 954 1209 existeret
977 1133 1163 1233 ipsumque
1182 1137 1248 1231 jos
1272 1143 1395 1208 nostro
1413 1133 1553 1208 nomine
1570 1143 1609 1208 et
1625 1157 1688 1232 pro
1706 1131 1811 1206 nobis
1828 1130 1980 1208 deleret
2004 1129 2105 1231 exig*

421 1251 461 1316 ot
483 1237 624 1338 requiri,
650 1262 723 1338 qne
746 1237 1004 1336 ussigrrocione
1029 1236 1132 1312 lecte
1155 1236 1287 1336 prelati
1312 1235 1454 1314 nobiles
1470 1235 1520 1312 de
1539 1241 1624 1335 jue
1648 1234 1774 1312 doenli
1798 1237 1834 1312 in
1851 1236 1951 1310 uillis
1977 1247 2015 1312 et
2038 1236 2105 1311 bo·

420 1343 476 1420 nis
502 1341 643 1443 prel'ute
667 1340 802 1426 Wrnt
828 1340 1005 1432 ecclesie,
1031 1363 1100 1439 qne
1126 1340 1305 1417 hactenns
1330 1341 1444 1416 minos
1470 1338 1594 1416 debite
1620 1351 1851 1440 occuparent,
1879 1365 1924 1416 se
1940 1340 2105 1438 ingerere

420 1445 471 1524 de
495 1457 619 1524 cetero
645 1445 849 1520 nullatenus
874 1442 1033 1520 undennt
1057 1443 1118 1519 rel
1140 1461 1360 1545 presumunt.
1400 1443 1446 1520 Ιί
1470 1466 1559 1520 vero
1585 1444 1715 1543 aliquis
1728 1445 1895 1520 nobilium
1920 1441 2106 1546 prodice-

421 1577 494 1626 ιω
508 1549 591 1626 lrrric
616 1561 740 1624 nostre
765 1547 985 1624 ordinacioni
1011 1561 1116 1624 esset
1140 1549 1298 1626 renitens
1325 1548 1385 1624 rel
1410 1549 1558 1624 rebeliis
1577 1546 1834 1648 quoquomodo,
1861 1546 2106 1624 mnodoulrn

421 1653 507 1733 duci
532 1653 836 1731 Wenczesloo
862 1663 901 1728 el
926 1651 1078 1729 Ottoni
1103 1650 1297 1754 predictis,
1330 1653 1459 1752 quibus
1483 1653 1519 1726 in
1552 1653 1624 1728 buo
1650 1665 1755 1754 perte
1787 1653 2024 1730 commisimus
2048 1652 2104 1726 ri·

421 1783 489 1838 ces
520 1770 684 1849 nostrus,
719 1769 758 1832 ut
783 1754 933 1834 eosdem
956 1756 1119 1834 rebelles
1151 1755 1200 1832 od
1225 1757 1309 1848 hoc,
1340 1767 1379 1831 nt
1403 1756 1476 1832 lroc
1500 1771 1625 1832 nostru
1650 1755 1882 1834 ordirrecione
1907 1753 2106 1832 omninode

421 1873 687 1954 contententnr,
725 1861 939 1936 auctoritate
979 1871 1103 1936 nostro
1134 1858 1333 1938 districtius
1372 1865 1523 1937 arceant
1554 1873 1592 1936 et
1624 1860 1853 1961 compellent
1929 1859 2107 1936 Volumus

421 1968 548 2058 elin,
576 1963 672 2065 quod
684 1962 837 2066 predicti
862 1964 1002 2040 nobiles
1026 1963 1110 2040 illos
1135 1977 1280 2041 nostros
1298 1962 1462 2040 redditos
1487 1976 1526 2041 et
1549 1976 1758 2066 proventus,
1776 1989 1867 2064 quos
1885 1961 1961 2038 dux
1979 1964 2105 2041 Wun-

421 2070 639 2148 ezesleus
665 2081 703 2145 el
728 2067 833 2144 0lle
859 2068 990 2169 presuli
1016 2069 1073 2144 eis
1097 2069 1181 2146 leco
1208 2079 1246 2145 el
1270 2069 1354 2146 rice
1380 2094 1447 2145 seu
1474 2077 1513 2144 ἐπ
1529 2076 1916 2166 recompensacionem
1933 2071 2106 2165 diost-ju-

420 2182 475 2266 ris
490 2180 639 2250 ducello
666 2183 787 2248 nostro
812 2173 951 2248 nomine
976 2173 1255 2271 essignoverint,
1283 2197 1328 2248 ee
1347 2177 1445 2271 jure,
1468 2171 1576 2248 medo
1602 2183 1640 2248 et
1664 2172 1778 2248 formo
1802 2169 1935 2248 tomdin
1961 2181 2108 2248 tment

421 2287 459 2356 et
489 2275 703 2380 possideant
733 2277 889 2378 pocilioe
920 2287 959 2353 et
983 2277 1122 2376 quiete,
1152 2276 1280 2376 qulbus
1313 2275 1481 2376 predicte
1506 2274 1770 2376 jnrn'ducslin
1800 2276 1934 2378 prelati
1965 2275 2106 2352 nobiloe

418 2383 599 2459 hoctenrrs
622 2378 864 2484 possederunt
888 2391 928 2456 et
951 2405 1136 2480 quousque
1160 2379 1264 2480 ipsos
1289 2381 1339 2456 cb
1364 2381 1419 2456 eis
1446 2378 1766 2480 disbrignrerinrus
1796 2381 1858 2455 rie
1877 2379 2021 2480 justitie
2045 2379 2107 2456 rel

421 2487 564 2563 umoris.
616 2487 750 2560 Horum
776 2511 867 2584 ques
893 2484 1014 2581 sigillo
1039 2485 1245 2584 mejestatis
1279 2498 1402 2560 nostre
1429 2484 1629 2560 communiri
1656 2485 1808 2560 lecimrm
1833 2483 2035 2560 testimonio
2059 2483 2107 2558 li·

420 2601 593 2682 terarum,
627 2587 746 2664 dotum
776 2589 931 2682 Wret.,
966 2614 1000 2664 a.
1035 2586 1128 2664 dom.
1163 2587 1349 2664 millesimo
1376 2589 1629 2664 trecentesimo
1656 2587 1933 2689 quodrugesimo
1960 2599 2104 2680 octove,

420 2692 623 2772 indiccione
648 2692 770 2794 primo,
796 2692 901 2768 Vlll.
927 2691 1077 2771 kalend.
1103 2693 1330 2783 Decembris,
1357 2717 1545 2792 regnorum
1570 2689 1767 2768 nostrornm
1792 2717 1885 2768 enno
1912 2693 2028 2770 tertio.

1061 2961 1463 2973 -ffl

1118 3153 1406 3243 ccnxxlx.

420 3364 562 3437 lterum,
583 3363 693 3440 beneq
712 3376 768 3425 ron
789 3361 939 3422 tcblrrlur
961 3361 1197 3434 (lrnrrurur).
1225 3363 1389 3424 ronlobtrt
1410 3379 1503 3439 segon
1524 3365 1580 3424 tun
1601 3363 1720 3425 elrelol
1743 3365 1875 3444 cuttu
1897 3363 2029 3426 tlrthrnr
2051 3378 2106 3426 ror

852 3463 973 3523 bruslor
995 3463 1048 3523 rut
1068 3463 1127 3522 ello
1149 3463 1369 3526 loheltsruolto
1392 3465 1432 3526 lm
1453 3465 1674 3528 Wrnrrnrmon

439 3613 555 3684 donisel
571 3615 605 3666 ln
622 3613 741 3667 mentun
756 3615 804 3664 ter
819 3614 996 3678 Dometqltelr
1013 3615 1046 3662 D.
1063 3615 1095 3662 D.
1113 3605 1156 3664 lt.
1191 3613 1245 3664 Du
1263 3615 1352 3682 stege}
1369 3631 1421 3668 ron
1439 3620 1564 3670 moenem
1580 3619 1698 3668 Wrcbre
1715 3620 1797 3684 btngt
1813 3632 1846 3666 on
1862 3620 1980 3685 garon,
1996 3620 2088 3670 rothun

438 3705 493 3758 und
510 3703 635 3754 violetten
652 3701 778 3753 seldenen
795 3699 899 3766 Fiden,
922 3700 967 3748 mit
984 3697 1032 3750 der
1050 3699 1204 3752 Umrelrrllt:
1238 3699 1345 3754 NICOL
1362 3705 1470 3754 llll...
1487 3705 1563 3757 DVX
1581 3706 1646 3754 sue
1664 3706 1707 3754 ltu
1724 3706 1794 3754 DNS
1811 3705 1946 3765 MVNS'lt
1968 3705 2016 3758 nl
2031 3706 2086 3756 dn

616 3787 776 3852 llllokslegel
794 3800 845 3836 verr
863 3788 1024 3836 sclrrvurnem
1042 3787 1172 3836 Wtchre:
1208 3787 1236 3836 S.
1253 3785 1398 3838 NICOLAl
1415 3789 1521 3840 DVClS
1539 3790 1910 3842 MVNSTERBERGENSIS.

289 3921 368 3994 Μ),
526 3922 732 3999 innomine
758 3920 1027 3998 dominicmen.
1080 3922 1202 3998 Decet
1226 3935 1313 3999 rote
1336 3924 1552 4026 principum,
1579 3927 1764 4028 presertim
1791 3926 1973 4003 oruentieo
1998 3927 2106 4000 robe-

255 3993 396 4050 ⁷⁶⁰⁶⁸⁰⁵¹⁸
422 4039 507 4107 rote
527 4024 700 4129 presidio,
727 4027 872 4105 stelrilio
896 4051 1117 4129 permanere.
1169 4026 1265 4106 llino
1291 4042 1361 4121 est,
1388 4027 1483 4128 quod
1509 4056 1588 4120 nos,
1615 4032 1654 4106 N
1660 4031 1861 4131 ycoluus,
1888 4029 2002 4130 dgr.
2028 4026 2105 4104 drrx

423 4130 583 4209 Slenie
608 4143 646 4208 el
672 4129 766 4211 dom
790 4131 1253 4230 Mnnslirbergensis,
1287 4130 1338 4208 nd
1369 4133 1611 4210 universorum
1643 4147 1714 4210 turn
1746 4134 1973 4235 presencium
2001 4157 2105 4234 quem

423 4235 623 4312 futororum
638 4259 792 4337 presens
818 4235 987 4337 scriptum
1011 4237 1225 4314 intuencium
1252 4233 1424 4314 devenire
1449 4239 1611 4314 volumus
1637 4239 1842 4331 necionem,
1870 4234 1965 4337 qnod
1989 4237 2105 4314 eci·

424 4351 548 4416 nostre
575 4339 890 4440 contenrplocionis
915 4340 952 4414 in
978 4339 1100 4440 spiritu
1127 4337 1339 4418 devocionis
1366 4353 1403 4418 et
1426 4342 1632 4420 humilitatis
1649 4339 1698 4418 od
1724 4365 1848 4441 regem
1869 4365 1993 4442 regom
2019 4364 2105 4443 pro-

425 4439 545 4518 vidius
570 4443 771 4542 erigentes,
796 4443 832 4518 in
859 4447 965 4543 eujus
991 4443 1191 4520 eternitntis
1216 4445 1309 4522 solie
1335 4457 1438 4522 extol
1461 4449 1628 4548 premium
1654 4446 1856 4548 copiosum,
1884 4447 1929 4522 ob
1955 4444 2105 4547 specie·

425 4542 474 4620 lis
499 4545 613 4624 eciem
640 4545 851 4624 devocionis
875 4547 1131 4634 innocencium,
1164 4573 1267 4648 quom
1300 4548 1351 4625 sd
1376 4552 1572 4630 eeclesiam
1598 4551 1730 4628 Wrot
1755 4551 1931 4649 gerimus,
1965 4571 2106 4626 necnon

425 4647 569 4726 multon
585 4661 623 4726 et
637 4650 856 4752 frequentem
881 4652 1186 4752 conplucencium,
1212 4677 1316 4753 quom
1340 4656 1443 4730 nobis
1460 4656 1679 4732 venerabilis
1704 4665 1809 4756 puter
1825 4652 1918 4731 dom.
1936 4654 2105 4730 Preco-

425 4747 548 4844 luus,
579 4753 712 4832 Wrnt.
740 4757 952 4858 episcopus,
987 4767 1159 4859 conputet
1188 4770 1315 4835 noster
1338 4758 1566 4851 cnr-issimus,
1600 4759 1760 4836 exhibuit
1784 4756 2007 4860 ponderose,

427 4864 551 4930 nostre
576 4858 690 4934 eciem
714 4872 979 4962 nostrorumque
995 4861 1257 4963 progenitorum
1275 4862 1465 4938 animuum
1482 4861 1640 4940 remedio
1658 4865 1696 4940 ct
1713 4863 1845 4954 salute,
1871 4874 2008 4938 mutuno

427 4955 649 5037 liberatione
671 4985 832 5063 sonnoque
861 4965 1013 5042 oonsilio
1042 4976 1240 5043 nostrorum
1271 4967 1525 5066 terrigenarum
1555 4966 1715 5046 fidelium
1740 4967 1948 5068 qrclibntis,
1980 4977 2104 5041 nosue
