4660 5762
405 513 481 612 roa
858 483 863 506 '
918 513 1128 588 ursata.
1172 511 1350 587 cruor.
1380 512 1571 588 curwrr.
1667 475 1672 482 ’

405 745 527 800 earum
552 717 649 794 mitta
671 739 715 794 se
740 712 953 806 extendunt,
980 737 1097 816 super·
1116 713 1187 789 ἰὴ
1199 715 1354 790 'milibus
1376 713 1575 791 marearum
1592 714 1634 789 in
1651 709 1745 789 doru.
1763 711 1927 814 archiep.
1946 725 1985 792 et
2001 709 2094 790 domu

405 826 613 928 episcopum
632 823 996 896 Ponnaniensem
1017 841 1083 920 pro
1107 827 1211 918 parte
1236 831 1361 894 nostra
1376 819 1494 920 paran’
1511 841 1635 894 somus
1653 816 1950 918 compromittere,
1978 831 2015 893 ut
2032 841 2095 895 sos

405 925 557 1006 eundum
574 925 750 1002 arbitrium
766 923 924 1023 ipsorum
942 921 1054 1022 snper
1068 921 1139 996 hiis
1149 922 1296 997 ¹milibus
1312 921 1487 998 satisfiat
1526 919 1634 999 Unde
1650 921 1806 1022 'placeat
1822 919 1917 996 dom.
1936 920 2032 1012 duci,
2059 933 2096 996 ut

405 1041 476 1108 tam
495 1029 586 1106 dom.
607 1025 882 1128 archiepiscopo
901 1049 1004 1125 quam
1022 1023 1113 1099 dom.
1134 1027 1308 1126 episcopo
1327 1026 1632 1102 Poznaniensi
1646 1023 1709 1102 det
1727 1025 1959 1102 securitatem
1972 1023 2021 1101 ad
2038 1025 2094 1101 lo-

279 1211 280 1216 ,
407 1157 498 1227 curn,
525 1156 625 1232 quem
649 1131 718 1230 ipsi
745 1129 933 1228 elegerint,
959 1127 1128 1205 veniendi
1154 1129 1295 1230 etipse
1322 1127 1415 1203 dom.
1435 1127 1511 1204 dux
1536 1130 1592 1206 eis
1615 1127 1808 1230 provideat
1832 1127 1881 1205 de
1907 1129 2093 1230 expensio,

407 1261 484 1314 cum
502 1235 604 1309 nohis
622 1257 746 1308 omnes
764 1233 878 1310 resin
896 1232 1011 1332 ipsius
1030 1228 1181 1308 dominio
1201 1233 1271 1307 siut
1289 1233 1423 1308 ablate.

274 1349 372 1428 (512)
404 1355 412 1362 ·
507 1335 608 1428 ltem,
636 1333 719 1513 puio
737 1336 816 1412 sine
835 1333 991 1436 capitulo
1008 1345 1130 1410 nostro
1148 1359 1217 1410 uon
1234 1339 1427 1438 possumus
1445 1345 1633 1412 tractatum
1652 1331 1806 1434 aliquem
1823 1333 1925 1428 inire,
1949 1335 2095 1438 placeat

342 1430 346 1445 ’
405 1441 519 1518 eciam
542 1440 614 1540 ipsi
664 1464 731 1516 orn.
756 1437 840 1514 duci
863 1449 1029 1540 prestare
1057 1437 1286 1514 omnimodam
1314 1439 1546 1515 securitatem
1563 1438 1639 1540 ipsi
1664 1439 1822 1540 capitulo
1841 1451 1879 1516 et
1897 1461 2093 1542 expensas

285 1557 288 1569 '
404 1569 482 1622 cum
507 1541 518 1619 i
546 1543 600 1618 sis
617 1555 688 1618 tam
705 1567 767 1617 res
787 1543 857 1616 sint
875 1567 978 1642 quarn
997 1563 1120 1618 omnes
1138 1536 1496 1644 decime'denegate.
1531 1539 1704 1618 Similiter
1722 1553 1760 1619 et
1777 1543 1880 1618 uobis
1896 1567 1963 1646 per
1978 1541 2092 1643 ipsum

403 1645 496 1724 dont.
516 1569 643 1724 ducem
662 1657 845 1748 prestetur
861 1643 1042 1722 securitas
1062 1647 1179 1721 et-toti
1193 1672 1295 1746 quam
1311 1637 1499 1722 'nobiscum
1513 1641 1720 1722 duxerimus
1735 1644 1912 1723 comitive.
1939 1643 1991 1720 lllt
2007 1657 2091 1720 tunc
2180 1688 2182 1692 ·

271 1748 275 1756 ’
403 1761 504 1830 certo
522 1749 582 1826 die
602 1759 638 1826 et
655 1749 737 1825 loco
751 1749 961 1848 assignatis,
979 1751 1204 1824 venientibus
1221 1748 1316 1824 dom.
1330 1747 1607 1852 archiepiscopo
1622 1744 1714 1824 dom.
1730 1751 1906 1852 episcopo
1919 1746 2090 1826 Poona-

402 1854 547 1930 niensi
571 1862 607 1928 et
625 1851 782 1954 capitulo
808 1863 942 1941 nostro,
971 1863 1008 1929 et
1025 1878 1092 1928 nos
1110 1853 1295 1930 veniemus
1312 1851 1474 1930 similiter
1491 1877 1571 1929 curn
1589 1847 1682 1930 dom.
1699 1851 1797 1931 duce
1815 1878 1880 1956 pro
1899 1849 2092 1930 concordia

403 1957 566 2036 ecclesie
584 1957 781 2047 tractaturi,
802 1967 838 2031 et
856 1950 1024 2056 quidquid
1043 1981 1153 2058 super
1169 1957 1239 2032 hiis
1258 1954 1351 2032 dom.
1370 1956 1446 2031 dux
1463 1957 1590 2034 facere
1608 1957 1772 2050 voluerit,
1797 1958 1869 2034 hoc
1888 1959 1954 2038 sub
1973 1953 2092 2055 sigilla

292 2069 295 2076 ’
403 2085 469 2136 suo
489 2059 631 2160 majori,
658 2059 691 2133 si
709 2059 778 2134 sibi
794 2057 988 2161 placuerit,
1015 2060 1049 2134 in
1068 2061 1272 2164 patentibus
1289 2060 1418 2137 litteris
1437 2061 1540 2136 nohis
1558 2061 1672 2138 mittat
1687 2062 1724 2151 ¹).

506 2197 638 2272 Datum
655 2196 883 2288 liathihor‚
912 2195 946 2270 in
967 2197 1124 2274 crastino
1144 2223 1175 2272 s.
1196 2197 1336 2278 Mathei
1353 2198 1520 2299 apostoli.

245 2639 374 2699 cxovn.
415 2675 428 2690 ,Α
506 2605 659 2685 Domino
678 2605 1191 2708 episcopoPoznoniensi.
1230 2603 1522 2710 (Thomosep.
1542 2607 1712 2706 Wrat.).
1767 2605 1881 2684 Pater
1898 2617 1936 2684 et
1953 2605 2092 2682 domine

269 2719 346 2784 1286,
404 2707 617 2786 reverende.
662 2709 919 2809 Regraciamur
936 2711 1052 2804 vobis,
1080 2711 1164 2810 quia
1189 2709 1283 2788 sicut
1307 2722 1377 2784 tam
1401 2735 1452 2787 ex
1474 2711 1604 2788 litteris
1628 2735 1730 2812 quam
1757 2735 1806 2786 ex
1825 2711 1954 2786 nuncio
1971 2719 2092 2785 vestro

233 2789 388 2849 ²¹·⁰⁶‘⁰¹''·
405 2811 498 2887 dom.
518 2813 729 2890 Gercoue
747 2813 1001 2907 intelleximus,
1017 2839 1091 2914 pro
1118 2813 1283 2892 ecclesia
1305 2826 1430 2890 nostra
1453 2811 1610 2892 fideliter
1632 2811 1818 2906 laboratis,
1845 2813 2092 2914 significantes

340 2991 344 2996 .
403 2917 518 3009 uobis,
538 2913 645 3016 quod,
663 2942 767 3015 quarn
785 2917 857 2995 cito
875 2918 1024 2995 nuncios
1042 2913 1172 2994 domini
1190 2917 1456 3020 archiepiscopi
1475 2931 1512 2995 et
1529 2915 2091 2994 domducisWratizlauien-

235 3045 261 3102 ι.
272 3045 386 3100 conv.
404 3021 471 3098 sis
489 3021 745 3120 reciperemus,
763 3021 798 3095 in
817 3019 877 3096 die
895 3021 1042 3096 omnium
1061 3032 1266 3146 sanctoprm
1279 3021 1339 3098 vel
1356 3021 1392 3096 in
1406 3033 1539 3100 octava
1557 3046 1676 3098 comm
1694 3021 1728 3096 in
1747 3017 1989 3144 Syczow²)
2007 3044 2091 3122 per·

314 3133 318 3141 ‘
403 3124 577 3200 sonaliter
592 3122 777 3202 accedere
795 3122 1022 3218 deberemus,-
1046 3125 1170 3200 habita
1187 3126 1385 3203 securitate
1402 3150 1506 3225 quam
1524 3123 1617 3202 dom.
1636 3119 1936 3228 archiepiscopus
1953 3123 2093 3200 sibimet

403 3228 560 3318 etnohis
579 3225 732 3304 duceret
749 3226 991 3304 ordinandam.
1036 3227 1208 3306 Brevitas
1231 3227 1384 3329 predicti
1408 3229 1578 3330 temporis
1595 3227 1920 3330 impossibilitatem
1937 3227 2038 3302 rrohis
2057 3236 2092 3302 et

402 3327 651 3409 difficultatem
669 3329 812 3407 videtur
826 3328 1012 3422 inducere,
1039 3333 1148 3432 primo
1167 3331 1252 3431 quia
1268 3358 1292 3408 a
1308 3330 1510 3433 Syczow
1532 3355 1599 3432 per
1624 3331 1747 3432 plures
1766 3329 1886 3408 dietas
1904 3327 2091 3420 distamus,

403 3430 453 3506 ad
471 3458 572 3530 quam
592 3431 684 3506 viam
702 3430 907 3509 faciendam
925 3445 962 3508 et
980 3458 1166 3534 expensas
1183 3436 1419 3513 necessarias
1445 3448 1481 3511 et
1505 3447 1677 3512 vecturas
1702 3446 1740 3512 et
1758 3434 1937 3510 ministros
1955 3433 2093 3532 aliquos

292 3609 295 3616 .
360 3626 362 3634 Ι
404 3531 620 3622 deberemus
645 3534 794 3625 habere,
817 3535 1001 3633 inquibus
1026 3538 1185 3612 omnihus
1212 3562 1265 3614 ex·
1284 3538 1386 3618 factu
1411 3537 1599 3616 deficimus
1617 3537 1705 3617 dicti
1728 3537 1846 3615 ducis.
1877 3539 1985 3630 Item,
2012 3535 2094 3635 quia

404 3636 484 3711 sine
501 3638 696 3736 presencia
713 3647 750 3712 et
768 3660 949 3712 consensu
968 3639 1114 3738 capituli
1131 3640 1253 3732 nostri,
1274 3646 1379 3739 cujus
1394 3643 1555 3718 similiter
1567 3636 1757 3743 negocium
1770 3643 1899 3741 agitur,
1918 3665 1987 3716 non
2003 3661 2093 3742 pos·

405 3763 527 3814 sumus
551 3762 620 3814 nec
647 3736 821 3815 dehemus
843 3739 997 3840 aggredi
1020 3751 1154 3816 tautum
1179 3741 1327 3832 factum,
1355 3769 1445 3843 quos
1463 3745 1497 3820 in
1517 3755 1587 3818 tam
1606 3745 1707 3822 brevi
1724 3755 1884 3846 ternpore
1902 3769 1971 3818 nou
1988 3739 2092 3816 vale·

404 3867 483 3917 mus
501 3841 726 3940 aliquatenus
745 3867 968 3936 convocare,
996 3843 1141 3943 quibus,
1175 3845 1324 3920 eciamsi
1347 3846 1538 3922 convocati
1564 3860 1709 3942 essent,
1755 3871 1942 3950 expensas
1967 3843 2092 3922 lacere

312 4015 316 4023 ,
355 4015 358 4022 .
404 3969 473 4020 non
492 3967 683 4046 possemus
701 3969 770 4021 nee
787 3946 859 4048 ipsi
877 3946 992 4024 eciam
1011 3971 1077 4023 eas
1095 3947 1222 4026 lacere
1239 3961 1392 4048 possunt
1409 3973 1488 4024 cum
1513 3950 1585 4026 sint
1611 3975 1677 4052 per
1693 3947 1893 4053 predictum
1911 3945 2002 4023 dom.
2022 3943 2091 4020 dru-

406 4071 485 4126 cem
502 4049 612 4124 rebus
630 4050 789 4124 omuibus
808 4049 963 4150 spoliati.
1034 4051 1211 4128 Preterea
1235 4052 1384 4128 eciamsi
1408 4051 1480 4130 hec
1498 4055 1614 4128 omnia
1631 4065 1895 4144 concurrerent,
1922 4046 2017 4150 quod
2034 4061 2093 4124 ta-
2126 4127 2129 4130 ,

405 4175 484 4227 men
502 4176 572 4226 non
591 4161 660 4244 est,
687 4151 792 4228 loeus
810 4177 873 4253 pro
892 4165 961 4230 tam
979 4151 1104 4230 arduis
1122 4156 1286 4254 negociis
1312 4155 1511 4233 tractandis
1539 4168 1598 4233 est
1617 4157 1786 4232 inhabilis
1810 4154 1976 4258 superius
1994 4151 2093 4228 assi·

406 4265 549 4348 grratrn.
580 4253 737 4334 Placeat
753 4255 859 4356 igitur
877 4257 1086 4355 benignitati
1103 4269 1228 4335 vestre
1246 4284 1356 4360 super
1373 4260 1443 4335 hiis
1460 4257 1660 4350 intendere,
1688 4271 1727 4334 ut
1744 4271 1783 4336 et
1800 4257 1893 4334 dom.
1912 4255 2109 4356 archiepi-.
2127 4257 2133 4265 ’

407 4375 554 4452 scopum
577 4355 769 4450 inducatis,
797 4355 892 4458 quod
914 4360 985 4460 ipsi
1011 4358 1095 4436 duci
1122 4361 1300 4456 consulat,
1328 4363 1465 4460 sicum
1487 4363 1569 4464 ipso
1594 4360 1690 4440 duce
1712 4361 1867 4438 uoluerit
1890 4359 2093 4448 convenire,

407 4451 503 4551 quod
519 4457 634 4533 locum
653 4461 819 4558 assignet
835 4462 870 4534 in
887 4462 1205 4555 Wratizlauia‚
1225 4466 1284 4540 uhi
1302 4478 1338 4542 et
1355 4491 1422 4542 nos
1441 4477 1479 4542 et
1496 4467 1660 4542 canonici
1679 4465 1789 4542 nostri
1800 4465 1983 4568 possimus
2000 4459 2094 4538 faci·

407 4551 479 4630 lius
496 4567 533 4634 et
549 4561 675 4638 melius
693 4563 886 4639 convenire
905 4577 941 4641 et
959 4575 997 4641 ut
1014 4563 1108 4642 dom.
1123 4567 1425 4671 archiepiscopus
1450 4581 1487 4646 et
1503 4593 1572 4644 vos
1591 4566 1641 4644 ad
1659 4567 1811 4649 eundem
1834 4569 1952 4646 locum
1969 4564 2093 4660 sinili-

454 4828 488 4902 ¹)
516 4823 620 4915 verul·
641 4831 700 4895 nit
720 4832 829 4900 diesen
849 4815 1149 4929 Forderungeudie
1171 4789 1252 4904 rorn⁴¹
1267 4833 1316 4904 16.
1338 4825 1400 4902 Juli
1423 4833 1507 4904 1286
1526 4837 1568 4904 Ν.
1589 4835 1719 4912 cxci,
1748 4917 1751 4924 ⁴

452 4943 486 5022 ²)
513 4937 904 5046 Petason-Wesenberg,
925 4954 1082 5038 Polnisoh,
1103 4957 1225 5046 Specto,
1247 4955 1346 5021 ONO.
1371 4955 1411 5022 le
1432 4955 1476 5022 hl.
1498 4977 1561 5024 rou
1584 4954 1722 5022 lireslau.
