4634 5762
738 519 949 600 ortanam
1008 451 1223 596 CXX'XIV.
1252 519 1444 594 CXXXV.
1865 518 1939 596 143

244 731 603 828 compresbyterum
621 735 682 804 col
696 735 816 802 *aliam
831 741 873 804 er
885 731 984 826 praed
1000 733 1150 802 clericis
1166 733 1289 805 mnus
1301 733 1438 801 chriam
1449 731 1609 800 caderet
1620 732 1765 827 oliputd
1775 731 1940 804 uendere

170 887 171 892 ,
244 839 463 1014 &pungis
479 837 684 930 hospicium
701 859 808 908 saum
832 839 1004 930 recipere
1027 845 1067 907 et
1088 837 1156 906 hac
1181 835 1250 907 aaa*
1271 857 1373 930 perra
1396 845 1473 904 tum
1492 835 1628 929 cupitis
1644 859 1764 930 -pucrrr
1778 838 1939 906 amodum

348 1245 581 1344 T(h·amar)
600 1245 798 1348 episcopus
814 1238 1009 1334 abhatil'de
1026 1244 1207 1319 hebens
1221 1241 1261 1334 ¹).
1313 1241 1562 1320 Intelleximus
1588 1241 1686 1318 lama
1708 1243 1855 1344 publica
1876 1267 1939 1321 re·
1961 1253 2107 1306 ΜΝ·

244 1351 401 1442 ferente,
441 1347 535 1450 quad
567 1349 721 1450 qnedm
754 1348 911 1426 enormia
935 1357 974 1424 et
997 1345 1097 1424 dicht
1129 1341 1274 1422 horrida
1296 1345 1333 1422 iu
1359 1347 1510 1426 oenahic
1539 1345 1858 1422 sanctimonialium
1890 1345 1939 1424 de
1966 1335 2088 1461 ffir

245 1455 474 1532 'l'rehnicu
492 1477 559 1556 per
576 1454 717 1552 aliquos
734 1452 896 1528 homines
915 1449 977 1528 dei
992 1451 1117 1528 timore
1133 1451 1337 1552 postposito
1355 1449 1590 1550 contigerunt,
1607 1448 1783 1528 videlicet
1799 1451 1939 1550 aliqua·
2003 1445 2010 1460 '
2089 1447 2096 1459 '

244 1583 319 1634 rum
344 1559 489 1635 eversio
512 1555 692 1646 altamum,
719 1556 891 1659 parietum
916 1552 1142 1648 detraccio,
1169 1553 1264 1655 qnod
1289 1579 1392 1655 qnam
1415 1577 1529 1653 grave
1555 1552 1767 1632 scandalum
1789 1575 1841 1630 ex
1867 1555 1939 1632 hoa

246 1663 294 1740 sit
311 1664 468 1739 ohortum
488 1683 591 1738 nemo
609 1659 774 1737 dnhitare
791 1659 923 1762 poterit
949 1659 1007 1759 qni
1024 1657 1191 1736 advertit.
1244 1657 1368 1749 Unde,
1396 1681 1474 1734 cum
1491 1655 1587 1736 idern
1605 1659 1853 1736 monasterium
1870 1681 1939 1735 re-

244 1778 320 1844 stro
344 1766 505 1866 regimini
530 1766 579 1840 sit
604 1765 825 1864 subjectam,
851 1787 920 1840 nas
946 1764 1074 1863 quihus
1099 1787 1188 1840 cura
1209 1763 1404 1864 pastoralis
1429 1759 1538 1839 allicit
1562 1763 1706 1838 inminet
1733 1759 1939 1864 providere,

245 1881 284 1946 ut
299 1882 465 1972 quantum
483 1871 587 1946 nohis
606 1868 783 1969 possibile
799 1880 858 1946 est
875 1867 963 1942 talia
978 1867 1229 1960 resumantur,
1255 1889 1425 1966 rogamus
1440 1873 1509 1942 tas
1532 1877 1571 1942 et
1587 1866 1833 1944 nichilominus
1859 1889 1940 1944 oum

243 1975 459 2052 reverencia
475 1971 703 2064 mandamns,
730 1983 907 2072 quatenus
924 1970 985 2048 vel
1001 1969 1241 2072 personaliter
1256 1971 1318 2047 vel
1343 1969 1483 2070 ahqaos
1508 1969 1644 2054 fratres
1659 1971 1773 2047 vestri
1798 1969 1939 2048 oenohil

244 2075 294 2154 ad
316 2078 494 2180 prelatum
518 2077 636 2153 lacum
662 2073 888 2154 accedentes
916 2075 1145 2175 investigetis
1170 2097 1250 2152 oum
1275 2073 1488 2174 diligencia,
1522 2071 1606 2173 qnid
1636 2085 1676 2150 et
1697 2097 1764 2176 per
1786 2097 1877 2174 quas
1901 2089 1939 2151 et

292 2205 357 2258 arc
374 2183 447 2258 sint
463 2181 558 2256 mala
574 2178 778 2280 hujusmodi
799 2188 1008 2282 perpetrata
1032 2193 1069 2256 et
1093 2201 1141 2256 ea
1156 2179 1261 2254 uobis
1280 2182 1391 2280 juxta
1407 2175 1671 2254 discrecionem
1695 2203 1721 2254 a
1736 2176 1809 2255 deo
1832 2179 1939 2254 vohis

244 2205 379 2378 muru,
406 2285 573 2386 apposito
591 2283 712 2384 sigillo
729 2295 872 2376 vestra,
898 2305 966 2384 per
983 2281 1141 2360 ordinem
1157 2283 1294 2360 vestris
1309 2281 1439 2358 litteris
1456 2281 1636 2374 referatis,
1654 2282 1816 2358 timemus
1833 2283 1937 2376 enirn,

244 2387 392 2490 quodsi
410 2389 682 2466 conniventibus
701 2387 817 2464 oculis
835 2409 1020 2464 excessus
1037 2385 1240 2487 hujusmodi
1264 2387 1439 2490 preterire
1454 2381 1689 2478 voluerimus,
1743 2411 1783 2463 er
1804 2397 1937 2462 metro·

269 2493 436 2570 olitanam
459 2504 633 2586 nostrum,
661 2492 739 2592 qui,
766 2501 805 2566 nt
828 2490 1046 2585 audivimus,
1080 2489 1129 2567 de
1153 2490 1223 2566 hiis
1248 2491 1468 2567 excessibus
1489 2495 1568 2590 jann
1591 2491 1699 2590 aliqui
1749 2490 1938 2582 intellexit,

243 2519 292 2674 de
306 2597 523 2697 negliencia
547 2621 627 2673 cnm
650 2607 774 2674 nostro
797 2595 973 2697 vituperio
996 2618 1197 2696 arguamur.
1256 2593 1389 2670 Datum
1412 2591 1686 2687 Otmuohaw,
1713 2593 1764 2670 V.
1787 2592 1937 2670 kalend.

245 2701 387 2778 hlarcii.

348 3009 388 3084 ln
412 3007 551 3085 numine
576 3005 706 3084 damini
730 3033 845 3086 amen.
903 3006 1083 3082 Naven'nt
1105 3004 1283 3098 universi,
1323 3015 1529 3106 presentem
1551 3005 1704 3082 litteram
1728 3005 1937 3106 inspecturi,
1964 3021 2097 3074 cxxxv.

247 3109 342 3213 quod
358 3137 438 3206 nos,
456 3111 663 3205 Thomas,
682 3110 718 3186 d.
738 3137 792 3212 gr.
812 3112 1035 3214 ep.Wrat.‚
1054 3133 1221 3186 unacum
1239 3132 1287 3185 ca
1311 3109 1397 3184 itula
1415 3119 1536 3184 nostra
1555 3109 1718 3186 ecclesie
1735 3107 1937 3184 kathedra·
1995 3101 2071 3157 ¹²⁸5·

244 3216 310 3308 lis,
336 3216 372 3291 in
388 3217 583 3318 presencia
599 3217 818 3294 venerahilis
836 3215 949 3317 patris
967 3211 1061 3288 darn.
1078 3212 1105 3290 J
1112 3213 1256 3304 acabi,
1282 3135 1318 3287 d.
1338 3237 1392 3312 gr.
1411 3211 1573 3313 archiep.
1592 3212 1882 3288 Gneauensis
1900 3223 1938 3289 et
1971 3172 1996 3226 θ’
2008 3177 2088 3226 *m

244 3321 498 3396 honorabilium
522 3319 675 3395 virorum
694 3377 701 3394 .
722 3375 731 3396 .
759 3320 901 3396 ahbatis
919 3317 967 3394 de
985 3316 1259 3400 llenrichow
1284 3327 1322 3392 et
1340 3370 1350 3389 .
1370 3370 1380 3389 .
1407 3315 1547 3394 archid.
1565 3305 1937 3392 Wladislauien-

244 3423 331 3513 sis,
359 3447 384 3498 a
399 3421 494 3501 sede
511 3425 715 3524 apostolica
732 3421 895 3524 judicum
913 3420 1179 3521 delegatorum,
1207 3420 1377 3514 lecimus,
1405 3420 1650 3523 consdtuirnns
1676 3430 1714 3496 ct
1733 3417 1937 3496 ordinamus

246 3526 422 3606 dominum
435 3527 740 3628 hltirczlaum)
758 3540 934 3605 rectorem
952 3525 1118 3604 ecclesie
1135 3522 1183 3602 de
1201 3523 1412 3626 Surgost,
1431 3523 1656 3630 capellanum
1675 3534 1713 3600 et
1728 3523 1938 3601 familiarem

243 3643 420 3726 postcunt,
449 3629 683 3709 exhibitorem
707 3633 951 3734 presencium,
978 3639 1181 3731 presentem
1208 3639 1245 3732 et
1267 3627 1470 3704 mandatnm
1487 3639 1643 3704 nostrum
1667 3639 1796 3732 sponte
1814 3629 1937 3707 susci·

243 3737 411 3839 piantem,
438 3747 703 3840 procuratorem
721 3749 877 3812 nastmm
893 3757 1014 3811 rerum
1033 3745 1071 3812 et
1087 3733 1294 3856 legittimum
1312 3757 1381 3810 scu
1399 3731 1587 3826 sindioum,
1614 3745 1773 3811 actorem
1791 3743 1829 3809 et
1845 3757 1937 3807 nun·

162 3977 166 3988 ,
243 3837 608 4044 hlllhlhl
624 3839 1240 4022 ttlh‘thfflhlhlmhz
1256 3834 1937 4040 atltlrlllhhlhdfl:

244 4049 365 4142 hitrla,
393 4045 725 4150 quadvonerehilis
742 4059 863 4150 pater,
891 4046 985 4124 dom.
1004 4045 1244 4146 Philippus
1268 4043 1305 4120 d.
1324 4067 1378 4144 gr.
1396 4043 1632 4120 Firmanus
1706 4095 1735 4136 .,
1762 4039 1937 4142 quandam

243 4152 280 4228 in
297 4153 492 4229 Palania
515 4149 597 4228 sed.
622 4163 743 4254 apost.
768 4153 856 4252 leg,
882 4151 964 4226 tulit
986 4172 1034 4225 ac
1055 4147 1171 4224 eciam
1192 4148 1446 4249 promulgavit,
1472 4149 1509 4222 in
1526 4171 1629 4248 quem
1655 4148 1668 4222 i
1695 4171 1750 4222 em
1767 4145 1936 4247 princeps
2076 4203 2080 4210 .

244 4281 317 4332 nna
332 4258 517 4334 nahisanm
534 4258 602 4332 suh
617 4257 730 4356 certis
745 4257 853 4359 ponis
869 4265 999 4357 sponte
1017 4275 1065 4328 aa
1080 4250 1280 4327 voluntarie
1297 4251 1547 4353 compromisit,
1576 4249 1624 4326 ad
1642 4247 1840 4350 agendum,
1867 4245 1936 4326 de-

243 4359 463 4438 fendendum
494 4383 561 4437 seu
585 4358 894 4463 respondendum,
928 4351 1197 4458 excipiendum,
1230 4351 1494 4456 replicandum,
1528 4354 1626 4431 litem
1651 4347 1936 4444 contestandum,

243 4461 513 4567 protestandam
531 4462 580 4542 de
602 4465 805 4567 calumpnia
828 4489 895 4541 seu
918 4460 1114 4564 cnjnslihet
1136 4458 1285 4536 alterius
1309 4459 1455 4560 generis
1473 4463 1711 4559 juramentum
1736 4455 1936 4559 ponendum

245 4579 283 4646 et
300 4567 350 4646 ad
366 4569 575 4672 particiones
592 4565 898 4672 respondendum,
923 4563 1161 4671 probandum,
1187 4572 1326 4658 testes,
1352 4563 1511 4657 horama,
1538 4563 1770 4640 instrumenta
1796 4570 1834 4638 et
1849 4569 1935 4664 pru-

289 4829 323 4911 1)
351 4823 415 4889 Des
434 4821 594 4890 reichsten
615 4819 833 4889 Schlesischen
855 4815 1209 4888 Cistercienserldosters
1230 4817 1370 4901 Lerrbus,
1392 4841 1421 4886 e.
1443 4817 1474 4885 d.
1497 4817 1551 4900 0.,
1572 4814 1708 4882 WNW.
1729 4815 1783 4906 6¹]
1808 4815 1852 4882 Μ.
1873 4837 1936 4882 von

351 4905 491 4975 Breslau.
534 4909 601 4974 Der
622 4907 685 4975 Aba
704 4907 787 4974 hiess
809 4903 952 4974 Hartlieb
972 4905 1040 4971 und
1060 4905 1148 4970 hatte
1171 4905 1223 4969 die
1246 4903 1388 4974 hassicht
1408 4905 1489 4970 iiber
1510 4903 1566 4970 das
1586 4901 1720 4970 reichrte
1743 4865 1936 4970 sclnlesischs

350 4992 849 5062 Cisterclensar-Nanucnklastcr
869 4991 1041 5076 Trehnlta,
1060 4991 1101 5057 N.
1121 4989 1182 5080 ³¹),
1200 4990 1245 5057 M.
1266 5009 1329 5058 ron
1350 4987 1488 5057 Brealan.
