4594 5774
768 509 978 587 Urlnudea
1037 507 1339 585 conmuni
1531 621 1535 626 Ι
1817 511 1899 591 825

202 711 390 790 Boemie
416 707 584 811 qnodque
610 710 699 788 certi
725 765 734 784 .
764 763 774 784 .
803 710 967 790 omouici
991 707 1090 786 dicte
1117 708 1281 788 ecclesie
1307 733 1371 810 pro
1397 722 1467 789 tent
1515 735 1567 804 re,
1594 709 1676 792 dnm
1702 732 1793 834 opos
1820 729 1902 798 erat

204 827 242 892 et
267 813 404 903 lucrat,
437 815 576 892 nomin'c
603 811 690 888 dicti
716 867 727 888 .
756 867 765 888 .
794 813 941 914 capitoli
967 825 1005 890 et
1034 837 1098 914 pro
1131 815 1213 914 ipso
1240 811 1372 890 dictum
1407 814 1465 914 opi
1492 839 1548 888 nn
1574 837 1653 892 cunr
1679 842 1756 894 sors
1782 820 1896 918 perti-

203 917 344 994 nenciis
370 941 434 1018 pro
460 915 580 994 media
604 929 707 1017 parte
757 915 899 995 redicte
924 917 971 992 cb
998 915 1317 996 excellentissimis
1343 917 1491 1015 regibus
1508 918 1690 994 Boemie
1714 941 1779 1020 pro
1805 934 1897 1000 teur-

202 1045 290 1121 pore
324 1022 556 1120 regnantibus
589 1021 623 1095 in
659 942 802 1096 sendum
835 1019 1039 1120 receperint
1072 1035 1109 1098 et
1134 1030 1351 1121 recepetont
1377 1033 1415 1096 et
1440 1021 1605 1120 recipere
1632 1040 1897 1103 consueverunt
1984 1080 1988 1088 ,

95 1188 96 1194 ι
201 1123 301 1200 etin
329 1121 472 1199 seudum
499 1123 687 1200 habuerint
713 1123 849 1224 pluries
876 1125 1095 1200 successive
1129 1148 1175 1200 ec
1207 1123 1392 1200 exercicio
1418 1120 1654 1222 judiciorum,
1682 1124 1895 1224 jurisdicio-
1986 1187 1992 1196 .

203 1251 301 1318 num,
338 1226 503 1302 bonorum
529 1251 666 1326 perse
694 1239 731 1300 et
757 1227 851 1302 alios
876 1226 911 1307 in
939 1223 1038 1304 dicto
1065 1224 1173 1328 opido
1206 1227 1263 1302 nsi
1290 1227 1362 1302 sint
1388 1239 1425 1302 et
1458 1227 1588 1304 suerint
1612 1229 1831 1306 inconcusse
1858 1245 1897 1310 et

201 1329 382 1430 premissa
405 1331 523 1406 omnia
549 1342 586 1406 et
612 1329 757 1428 singula
781 1327 1013 1430 possederint
1040 1341 1077 1406 et
1102 1330 1137 1406 in
1165 1355 1285 1408 eornm
1310 1331 1553 1430 possessione
1571 1331 1630 1408 vel
1649 1333 1753 1430 quasi
1780 1335 1893 1412 eciam

201 1456 267 1534 per
292 1431 402 1531 longa
427 1449 588 1534 tempora
622 1431 822 1524 extiterint,
858 1457 972 1532 nsque
1007 1429 1056 1508 ed
1090 1445 1229 1534 tempus
1256 1433 1442 1533 capcionis
1474 1434 1729 1535 infrascripte,
1756 1437 1894 1516 nornine

202 1534 300 1610 dicte
325 1535 462 1610 Wrat.
491 1535 654 1612 ecclesie
681 1545 718 1610 et
743 1559 808 1635 pro
835 1535 927 1634 ipsa,
955 1545 1072 1612 tamen
1099 1536 1227 1612 nobilis
1253 1537 1442 1637 princeps,
1472 1535 1548 1612 drrx
1573 1537 1724 1614 Bolko
1751 1537 1894 1640 Swy·

202 1636 464 1729 dnicensis,
492 1663 570 1714 cum
597 1662 726 1735 magno
753 1638 916 1716 exercitu
943 1635 1074 1716 dicturo
1102 1637 1255 1739 opidum,
1284 1665 1491 1739 quemqnam
1518 1653 1646 1738 treuge
1662 1641 1755 1718 inter
1779 1644 1892 1742 ipsum

203 1797 212 1816 .
241 1795 250 1814 .
278 1738 406 1816 durcem
435 1753 472 1816 et
499 1795 508 1816 .
537 1797 546 1815 .
576 1741 773 1816 canonicos
801 1765 847 1816 ao
875 1795 884 1814 .
914 1795 924 1814 .
952 1741 1143 1844 capitulum
1177 1743 1340 1822 ecclesio
1372 1743 1535 1842 prelnte,
1569 1743 1721 1843 ipsius.
1751 1799 1760 1819 .
1788 1743 1894 1824 ducis

200 1845 405 1946 patentibus
433 1843 547 1920 literis
573 1843 722 1934 firmate,
761 1840 883 1920 adbuc
908 1839 1120 1943 penderent,
1160 1845 1252 1946 ipsis
1279 1845 1415 1944 treugis
1442 1845 1593 1921 nondum
1621 1848 1798 1947 expiretis
1825 1847 1893 1924 bo·

201 1947 331 2024 stiliter
355 1947 501 2035 inuasit·
515 1956 553 2023 et
577 1945 742 2037 obsedit,
770 1945 944 2023 nandans
970 1971 1020 2022 ex
1047 1960 1150 2047 parte
1176 1947 1398 2027 serenissimi
1423 1949 1611 2049 principis,
1628 1947 1773 2026 domini
1797 1951 1893 2026 Ka·
1970 2014 1978 2028 .

201 2049 285 2125 roli
311 2048 600 2126 Romanorum
625 2049 914 2150 imperatoriset
939 2051 1039 2148 regis
1065 2051 1261 2143 Boemie,
1290 2051 1428 2127 nornine
1452 2051 1568 2150 ipsius
1595 2049 1724 2136 domini
1752 2109 1761 2128 .
1790 2109 1799 2128 .
1827 2057 1894 2130 im·

203 2154 380 2256 peratoris
407 2166 581 2252 tamqnam
610 2153 709 2251 regis
735 2153 914 2230 Boemie
941 2163 978 2228 et
995 2175 1128 2228 corone
1146 2153 1247 2252 regni
1265 2151 1431 2252 ejusdem
1454 2155 1564 2232 certis
1591 2157 1777 2233 canonicis
1794 2155 1894 2236 dicte

201 2255 366 2332 ecclesie
398 2255 556 2348 Wrat.,
591 2253 731 2332 dnobus
764 2267 896 2330 tantum
928 2252 1059 2332 ibidem
1099 2267 1183 2332 tnnc
1216 2257 1460 2356 presentibus,
1500 2281 1546 2334 oc
1577 2255 1775 2337 horninibus
1805 2259 1928 2340 dicti.

203 2356 301 2459 opidi
328 2357 569 2448 Grotlrow‚
603 2375 641 2434 ut
666 2359 735 2434 sibi
759 2355 810 2434 nd
837 2383 963 2434 manns
989 2369 1026 2436 et
1053 2361 1212 2457 graciam
1246 2357 1410 2458 ejusdcm
1438 2357 1567 2435 domini
1596 2415 1605 2434 .
1633 2415 1642 2434 .
1670 2363 1893 2463 imperatoris

206 2472 381 2560 tanquan
408 2461 507 2561 regis
533 2461 716 2538 Bnenrie
743 2460 874 2538 dictum
898 2459 1040 2563 opidum
1066 2473 1328 2561 presentarent,
1355 2486 1434 2540 cnm
1459 2463 1574 2563 ipsum
1591 2462 1732 2564 opidum
1754 2463 1893 2544 edicto

205 2561 345 2642 domino
374 2619 384 2638 .
411 2619 420 2638 .
446 2566 661 2665 imperatore
688 2577 862 2664 nmquam
890 2589 915 2640 a
940 2588 1030 2664 rege
1055 2565 1240 2642 Boemie
1265 2577 1303 2642 ct
1320 2589 1344 2640 a
1361 2566 1462 2664 regni
1487 2565 1641 2666 predicti
1667 2591 1802 2644 corona
1826 2593 1893 2644 no·

206 2678 371 2744 sceretnr
396 2668 431 2742 in
458 2666 604 2744 sendum
631 2666 852 2769 dependere,
881 2682 918 2744 et
942 2667 1014 2744 hoc
1039 2665 1133 2744 idern
1152 2667 1227 2742 dux
1245 2693 1289 2743 se
1306 2679 1391 2744 tnnc
1418 2669 1576 2746 assernit
1602 2670 1736 2748 bebere
1754 2669 1894 2750 edicto

208 2768 348 2846 domino
369 2825 377 2844 .
398 2811 407 2844 ·.
426 2771 642 2872 imperatore
668 2771 878 2873 specialiter
902 2771 938 2846 in
963 2768 1154 2864 mnrrdatis,
1180 2784 1218 2847 et
1243 2771 1312 2846 nisi
1338 2767 1427 2848 dicti
1445 2827 1454 2844 .
1475 2827 1483 2848 .
1503 2775 1667 2852 carronici
1691 2797 1776 2850 mox
1793 2799 1893 2852 man-

206 2870 326 2948 datnm
352 2874 362 2948 i
389 2872 467 2950 sins
493 2871 719 2976 adimplerent
743 2872 839 2952 idem
865 2870 940 2948 dux
966 2873 1197 2950 comminatus
1223 2885 1282 2948 est
1307 2885 1345 2948 et
1370 2875 1436 2951 snit
1459 2873 1558 2950 vultu
1583 2874 1722 2952 turbido
1740 2888 1778 2952 et
1801 2879 1894 2956 irato

206 2977 320 3052 animo
372 2975 457 3054 ictis
486 3033 495 3051 .
524 3033 533 3050 .
562 2978 748 3056 canonicis
775 3003 822 3056 ao
847 2977 1044 3052 hominibus
1070 2974 1157 3052 dicti
1183 2974 1292 3077 opidi,
1319 2974 1413 3074 quod
1439 2977 1554 3079 ipsum
1581 2976 1723 3077 opidum
1744 3001 1791 3054 ac
1809 2986 1892 3078 ejus

201 3075 397 3155 districtum
438 3103 628 3179 eorumque
661 3080 822 3157 homines
863 3105 942 3156 cunr
967 3079 1142 3158 machinis
1168 3091 1205 3156 et
1227 3079 1469 3157 instrumentis
1500 3081 1760 3158 offensibilibus
1785 3083 1890 3158 inva-

203 3180 308 3258 deret
333 3195 371 3258 et
397 3183 512 3258 eciam
540 3193 778 3286 expugnaret,
806 3207 852 3259 ac
871 3183 985 3260 οιὶιιιιι
1006 3237 1015 3258 .
1036 3238 1045 3257 .
1065 3183 1260 3260 canonicos
1287 3182 1450 3280 singulos
1474 3181 1573 3260 dicte
1599 3183 1774 3273 ecclesie,
1801 3209 1892 3282 qnos

203 3297 241 3361 et
272 3297 357 3362 tnnc
391 3283 588 3374 diffidavit,
634 3286 796 3385 qunamvis
827 3286 965 3385 treugis
998 3283 1118 3362 adbuc
1152 3282 1390 3387 pendentibus
1398 3341 1408 3378 ,
1454 3309 1533 3362 cunr
1564 3287 1641 3362 ruis
1668 3287 1891 3386 conplicibus

204 3386 388 3466 offendere
414 3388 526 3466 vellet
553 3399 591 3464 et
615 3387 742 3466 ledere
776 3389 810 3464 in
837 3390 945 3466 rebus
972 3389 1087 3466 eciam
1115 3401 1152 3464 et
1177 3389 1360 3489 personis,
1394 3400 1431 3464 et
1456 3387 1551 3488 qnod
1576 3387 1624 3466 ad
1650 3391 1891 3491 privacionenr

201 3505 239 3568 et
264 3489 506 3594 perdicionem
533 3493 608 3568 vite
635 3490 837 3570 corumdem
863 3492 1080 3594 peramplius
1106 3505 1312 3585 conaretur,
1348 3515 1554 3592 quiunquam
1581 3493 1710 3571 nnllnm
1738 3493 1889 3572 menda-

203 3611 274 3670 tnrn
302 3593 390 3672 dicti
417 3593 545 3670 domini
575 3651 583 3668 .
614 3650 622 3668 .
649 3595 749 3694 regis
776 3595 1090 3687 excellentissimi,
1122 3596 1211 3674 lieet
1242 3596 1288 3672 ab
1321 3619 1366 3672 eo
1401 3595 1565 3674 exbiberi
1596 3595 1704 3674 fuerit
1732 3598 1890 3699 petitum,

201 3697 439 3790 ostendisset,
466 3711 504 3774 et
530 3722 609 3774 cnnr
636 3695 768 3776 dictum
795 3697 936 3800 opidum
961 3711 1107 3800 propter
1132 3697 1237 3778 dncis
1262 3713 1300 3776 et
1317 3700 1372 3774 sni
1398 3701 1584 3777 exereitus
1610 3699 1892 3802 predictornme

202 3799 355 3880 uinculis
370 3856 373 3872 .
389 3801 637 3902 oppressionis
670 3802 786 3903 ipsius
821 3799 919 3902 opidi
952 3803 1153 3880 nullatenus
1186 3800 1336 3879 delendi
1366 3804 1546 3902 potuisset
1578 3828 1648 3880 nee
1680 3805 1795 3882 teneri
1821 3829 1890 3884 nec

201 3905 363 3982 homines
389 3905 504 4005 ipsios
529 3905 810 4005 impugnacioni,
843 3907 1021 3982 invasioni
1050 3931 1097 3982 nc
1123 3905 1371 3982 molestacioni
1403 3907 1484 3982 siue
1516 3907 1720 4007 potencie.
1748 3963 1757 3982 .
1785 3907 1890 3986 ducis

201 4021 241 4086 et
265 4009 451 4087 exercitur
503 4005 716 4084 redictornm
741 4010 915 4086 resistere
940 4009 1153 4099 valuissent,
1172 4020 1314 4104 ,extunc
1341 4005 1429 4084 dicti
1454 4063 1493 4084 ..
1522 4009 1687 4086 cerrouici
1713 4023 1751 4086 et
1775 4011 1890 4089 bomi-

202 4137 270 4188 nes
296 4109 381 4188 dicti
408 4034 517 4211 opid,
543 4123 637 4187 metu
666 4123 704 4188 et
729 4121 866 4214 terrore
892 4112 1148 4209 concussioni
1174 4111 1288 4212 potuit
1314 4123 1352 4186 et
1387 4121 1508 4212 potest
1541 4113 1665 4188 merito
1693 4110 1829 4190 cadere
1854 4115 1889 4188 in

203 4225 434 4307 constantes,
469 4239 547 4292 cunr
580 4214 678 4289 nulla
711 4211 878 4298 defensio
912 4239 1028 4314 neque
1062 4213 1246 4290 consilium
1277 4213 1333 4289 eis
1359 4225 1573 4315 superesset
1597 4239 1668 4292 nec
1694 4214 1814 4292 dictus
1841 4270 1889 4290 ..

203 4315 280 4394 dux
293 4343 317 4392 a
342 4341 409 4392 sno
434 4317 618 4418 proposito
643 4315 812 4409 violento,
838 4315 1012 4396 videlieet
1036 4319 1082 4394 ab
1110 4317 1387 4419 expugnocione
1412 4315 1501 4397 dicti
1527 4315 1636 4418 opidi,
1663 4319 1779 4396 eciam
1804 4342 1889 4418 pre-

203 4422 307 4498 cibus
332 4420 600 4496 instantissimis
626 4417 799 4498 dictornnr
825 4417 1039 4496 dominorum
1068 4477 1076 4496 .
1106 4477 1114 4496 .
1143 4421 1391 4498 canonicorum
1410 4421 1526 4497 everti
1568 4421 1732 4516 otnisset,
1758 4419 1890 4504 dicmm

203 4519 346 4626 opidum
371 4545 435 4622 pro
460 4535 564 4622 parte
596 4549 667 4601 sna
691 4521 811 4600 media
835 4521 886 4598 ad
910 4549 1034 4602 manns
1062 4536 1100 4600 et
1125 4522 1174 4600 ad
1205 4525 1364 4624 graciano
1391 4521 1520 4602 domini
1542 4447 1706 4602 lleroli
1732 4525 1889 4627 impere-

204 4627 292 4704 toris
324 4637 499 4724 tamqnam
525 4623 575 4702 ad
601 4627 700 4727 regis
725 4627 925 4718 Boemie,
959 4624 1088 4702 domini
1115 4625 1285 4748 'ejusdem
1317 4626 1437 4721 feudi,
1470 4637 1684 4730 presentare
1712 4629 1890 4730 promise·
1968 4632 1971 4641 ’
2027 4657 2030 4666 ’

202 4741 282 4806 nunt
308 4729 448 4827 sibique
473 4727 639 4806 lecerunt
663 4731 777 4831 ipsum
804 4728 946 4832 opidum
972 4730 1137 4831 apperin‚
1165 4756 1234 4830 qno
1255 4743 1385 4834 ‚aperto
1412 4730 1532 4810 dictus
1551 4787 1560 4806 .
1581 4787 1590 4806 .
1615 4729 1690 4808 dnx
1715 4747 1794 4808 cunr
1822 4755 1889 4808 sno

204 4833 367 4910 exercitu
393 4828 488 4908 idem
516 4829 658 4932 opidum
683 4835 826 4910 intrarit
850 4834 1027 4912 violenter
1054 4843 1091 4910 et
1115 4844 1215 4910 tenet
1247 4836 1361 4935 ipsum
1394 4833 1630 4934 adbncnsqne
1663 4845 1887 4937 occupatum.

195 4936 256 5014 Jdt
287 4935 448 5036 quamvis
482 4989 529 5010 ..
566 4934 754 5036 capitulam
782 4937 915 5014 Wrat.
950 4935 1146 5040 predictum
1180 4948 1292 5012 et..
1321 4934 1442 5036 judex
1473 4939 1610 5039 ipsius,
1642 4949 1712 5027 tant
1744 4950 1890 5040 proptor
