4524 5770
731 567 943 640 Urbuadea
1002 567 1149 640 XXIV.
1180 569 1300 640 XXV.

926 869 1096 958 xxtV.

165 1059 302 1124 totunm
324 1059 382 1134 ΙΙΙ..
402 1060 513 1136 utrm
533 1073 590 1124 m
611 1059 762 1124 tuhlmlm
783 1059 926 1134 omno
949 1062 1062 1124 orlurt
1082 1059 1352 1124 mauruntum
1373 1063 1424 1123 tm
1444 1064 1578 1126 ltlrcbotr
1599 1079 1655 1128 mu
1675 1067 1796 1129 brcrlm
1817 1068 1865 1130 tto
1899 1081 1976 1154 rm,

187 1177 288 1238 '⁸⁸⁰¹
315 1162 490 1240 faletrus
515 1166 568 1226 tm
597 1166 801 1228 lmrtlontttr
823 1166 981 1228 romum·
1007 1163 1102 1226 ttrotr
1125 1175 1219 1239 sogor
1241 1163 1288 1224 tto
1310 1177 1366 1226 ron
1388 1164 1478 1228 thren
1499 1167 1556 1227 nlt
1576 1167 1770 1245 contutans
1791 1171 1844 1232 tm
1881 1151 1907 1210 5·
1926 1159 2010 1220 Amo

686 1267 820 1330 orreum
846 1267 1024 1330 tumtun
1046 1265 1343 1326 lrlnoomlnmtomr.

622 1417 701 1467 Uber
718 1417 794 1483 algor
811 1417 1006 1483 prlvlleglerunr
1022 1417 1164 1479 apocopa.
1181 1415 1269 1466 Wrot.
1286 1415 1332 1466 tot.
1343 1409 1405 1467 w.

266 1549 309 1626 ln
331 1550 471 1628 nomine
496 1547 626 1627 domini
649 1551 762 1628 nostri
783 1551 904 1630 Jhesu
930 1549 1068 1630 Christi
1091 1575 1206 1628 amen.
1258 1549 1343 1626 Nos
1368 1551 1615 1644 Henrious,
1644 1551 1679 1628 d.
1707 1577 1761 1654 gr.
1788 1553 1863 1632 dux

165 1651 342 1746 Slesie,
362 1654 568 1732 confitemur
584 1665 692 1756 atque
710 1655 1018 1756 recognoscimus,
1037 1652 1133 1756 quod
1150 1653 1369 1730 venerabilis
1386 1655 1422 1730 in
1441 1653 1588 1732 Christo
1606 1669 1711 1757 pater
1728 1657 1862 1754 T(ho-

164 1764 282 1858 mas)
308 1755 344 1832 d.
369 1783 423 1858 gr.
443 1759 587 1834 Wrat.
613 1760 809 1862 episcopus
828 1759 876 1838 de
894 1758 1047 1862 speciali
1072 1758 1200 1858 gracia
1217 1781 1263 1834 ac
1282 1769 1485 1860 spontanea
1500 1759 1685 1835 voluntate
1704 1785 1863 1839 eonces-

164 1861 210 1936 sit
236 1861 341 1938 nobis
365 1874 474 1964 atque
500 1860 601 1938 dedit
624 1888 688 1966 pro
714 1875 838 1939 nostra
866 1863 940 1939 filia
964 1860 1163 1938 uraritanda
1187 1859 1379 1938 collectam
1410 1888 1522 1964 super
1552 1887 1675 1938 omnes
1701 1862 1862 1942 lromines

163 1977 259 2042 terre
290 1990 369 2042 oue.
428 1965 584 2067 Nosque
609 1965 884 2044 considerantes
913 1967 1029 2068 ipsius
1062 1965 1344 2042 benivolenciam
1381 1978 1489 2066 atque
1525 1966 1713 2067 puritatem
1745 1970 1861 2062 animi,

163 2068 282 2146 eidem
300 2067 348 2144 de
366 2071 493 2169 gracia
511 2069 672 2146 similiter
689 2071 859 2172 speciali,
888 2073 981 2145 bona
1005 2082 1113 2169 atque
1132 2067 1288 2169 gratuita
1309 2069 1495 2146 voluntate
1512 2095 1658 2170 penam,
1687 2096 1789 2170 quam
1813 2075 1860 2150 ab

163 2173 361 2250 bomir'ribus
380 2174 458 2249 suis
477 2173 630 2273 exigere
655 2187 870 2276 poteramus,
896 2175 980 2275 quia
1005 2174 1188 2249 nobiseum
1206 2173 1328 2248 vocati
1352 2198 1420 2248 non
1439 2186 1614 2250 venerant
1638 2172 1686 2249 ad
1705 2175 1861 2276 expedi-

163 2279 301 2356 cionem
319 2277 353 2351 in
372 2275 569 2353 subsidium
586 2277 707 2353 fratris
725 2279 837 2354 nostri
855 2275 961 2354 ducis
979 2276 1193 2354 Bolezlai
1208 2277 1235 2366 ¹)
1261 2278 1402 2377 (quam)
1428 2301 1494 2379 per
1519 2289 1627 2353 totam
1645 2289 1775 2352 terram
1794 2305 1861 2356 no-

162 2393 272 2456 stram
296 2380 450 2457 lecimus
474 2381 704 2482 proclamari,
742 2381 953 2484 simpliciter
980 2379 1185 2457 remittimus
1211 2391 1320 2480 atque
1343 2381 1378 2456 in
1400 2379 1562 2458 savorem
1588 2379 1754 2482 ejusdem
1780 2386 1860 2486 epi-

163 2485 266 2586 scopi
284 2485 519 2561 amicabiliter
536 2485 755 2574 relaxamus,
781 2485 833 2560 ita
850 2497 980 2576 tamen,
1009 2483 1104 2584 quod
1123 2483 1250 2584 gracia
1267 2509 1370 2584 quam
1388 2483 1469 2585 ipse
1486 2487 1590 2560 nobis
1608 2485 1698 2562 lecit
1713 2485 1775 2562 vel
1792 2515 1859 2566 nos

162 2589 231 2664 sibi
248 2589 401 2668 facimus
419 2591 455 2664 in
472 2588 644 2690 presenti,
668 2589 798 2664 nullum
817 2589 886 2664 sibi
903 2589 964 2664 vel
982 2587 1084 2664 nobis
1102 2584 1338 2688 prejudicium
1356 2599 1522 2688 quantum
1540 2587 1589 2664 ad
1607 2593 1694 2690 jura
1711 2589 1860 2690 episco-

161 2691 260 2794 palia
292 2692 354 2766 vol
389 2690 536 2769 duoalia
570 2693 605 2766 in
665 2704 821 2770 osterum
849 2692 974 2770 valcat
1008 2715 1197 2790 generare.
1259 2691 1392 2769 Actum
1421 2703 1479 2768 est
1509 2693 1580 2770 hoc
1611 2716 1703 2768 anno
1730 2689 1859 2773 domini

161 2793 349 2874 MCCLX
361 2807 481 2887 sexto,
500 2795 619 2895 quinto
636 2719 697 2872 die
715 2798 867 2874 intrante
883 2794 1012 2898 Aprili,
1031 2796 1064 2868 in
1084 2793 1169 2870 aula
1186 2792 1530 2896 episcopaliWrat.,
1548 2795 1776 2898 presentibus
1790 2799 1859 2877 do-

161 2901 250 2975 mino
268 2897 539 2974 Wlodizlao
558 2897 653 2975 duce
672 2898 830 2977 Slesie
849 2897 1328 2998 clectoSalzburgensi,
1346 2898 1458 2975 fratre
1477 2899 1715 2976 Herbordo
1730 2913 1768 2976 et
1782 2905 1859 2980 lra-

161 3017 214 3082 tre
232 3003 420 3106 Eycone
444 3001 492 3080 de
510 3000 634 3080 ordine
652 3001 798 3078 fratrum
816 3005 1010 3092 lllinorum,
1039 3003 1168 3078 comite
1192 3003 1217 3076 J
1225 3001 1397 3079 ohanne
1422 3000 1470 3080 de
1488 3004 1699 3094 Wirbna,
1729 3009 1859 3084 comite

158 3108 395 3200 Jarrussio,
423 3107 552 3183 comite
577 3107 794 3208 Tymone‚
823 3108 952 3184 comite
975 3105 1184 3184 Johanne
1208 3105 1440 3200 Zerucba,
1469 3108 1598 3183 comite
1623 3105 1859 3187 Michaele

161 3223 199 3286 et
223 3212 306 3286 aliis
332 3210 606 3312 quampluribus.
660 3209 700 3284 ln
727 3215 832 3310 cujus
855 3211 908 3288 rei
932 3209 1169 3286 testimonium
1187 3221 1225 3285 et
1250 3207 1300 3283 ad
1316 3214 1488 3309 majorem
1505 3212 1643 3286 roboris
1660 3211 1858 3290 firmitatem

159 3325 354 3416 presentes
371 3315 497 3390 literas
515 3313 626 3414 sigilli
642 3314 752 3390 nostri
771 3314 957 3390 munimine
974 3313 1127 3391 lecimus
1144 3313 1316 3388 roborari.

931 3759 1077 3848 XXV.

201 3951 298 4026 tulto,
321 3953 454 4014 tutluul
477 3953 579 4027 mnu,
601 3951 747 4026 nonnum
768 3953 833 4012 tam
855 3951 973 4014 Klortor
993 3951 1109 4014 norom
1131 3951 1179 4014 llo
1201 3955 1370 4014 tonmlbon
1391 3967 1455 4016 rom
1477 3953 1611 4014 lloobole
1633 3953 1754 4012 Thomas
1777 3951 1810 4009 ll.
1895 3967 1972 4042 m,

238 4069 292 4116 rou
314 4055 435 4116 breslau
456 4055 621 4129 tamrngn
642 4053 857 4129 oeconomum
878 4055 929 4113 ter
950 4054 1253 4126 noromentmutm,
1276 4055 1323 4114 tta
1346 4069 1411 4115 rum
1433 4055 1551 4116 lelanto
1574 4069 1629 4116 ron
1651 4052 1777 4114 luntort
1869 4036 1997 4096 ΜΝ

876 4169 1000 4230 metron
1022 4155 1122 4216 bulon

149 4329 218 4378 Aru
238 4327 295 4377 dan
313 4327 446 4393 originale
463 4327 497 4376 lm
515 4325 770 4376 Provincialrrclrlvo
787 4337 820 4373 mr
838 4323 956 4375 llrealtu.
993 4325 1037 4373 An
1055 4323 1320 4391 Pargrmcntmrellou
1338 4325 1421 4390 ltingt
1438 4324 1480 4373 aln
1498 4321 1661 4372 nmcnntek
1680 4323 1727 4374 tle·
1746 4323 1850 4392 blegelr

330 4427 383 4463 von
401 4413 500 4462 rothem
517 4413 637 4464 Waclme
654 4411 702 4463 aut
717 4411 774 4461 tlon
792 4423 845 4461 rou
863 4412 910 4462 dor
927 4411 1071 4462 Unuclrrltt
1088 4423 1138 4461 nur
1155 4413 1223 4460 noch
1241 4413 1288 4460 tu
1305 4411 1397 4460 Wort=
1421 4407 1531 4462 evulo
1548 4407 1626 4476 turtg
1643 4411 1685 4461 lat.

260 4563 394 4642 Frater
410 4563 576 4658 Guido,
602 4564 831 4642 miseratione
849 4564 972 4641 divina
995 4565 1087 4642 tituli
1110 4563 1228 4642 saneti
1245 4562 1431 4640 Larmentii
1449 4562 1485 4638 iu
1502 4561 1646 4640 Lucina
1661 4563 1855 4666 presbyter

144 4665 367 4763 cardinalis,
393 4669 596 4772 apostolice
613 4667 718 4748 sedis
733 4669 892 4770 legatus,
911 4667 1057 4748 dilectis
1074 4667 1158 4745 this
1176 4723 1186 4744 .
1210 4723 1221 4744 .
1244 4667 1366 4746 abbati
1384 4676 1422 4744 et
1439 4666 1630 4744 conventui
1647 4667 1854 4744 monasterii

198 4945 236 5026 1)
263 4939 368 5008 Wolnl
389 4945 435 5008 uls
455 4939 618 5010 Boloslaue
630 4943 670 5010 ll.
690 4965 754 5009 rou
775 4941 895 5008 seinem
908 4941 1032 5010 Bruder
1062 4941 1137 5008 dem
1154 4939 1300 5034 Her-noge
1314 4939 1452 5009 Kourad
1465 4939 1517 5025 ll,
1537 4937 1695 5034 geltngen
1717 4961 1854 5032 genom-

263 5049 338 5092 men
359 5027 500 5110 worden,
522 5026 600 5093 aber
621 5025 706 5094 noch
728 5027 771 5094 im
794 5027 902 5094 Banne
922 4989 1098 5094 betintliuln
1119 5047 1195 5094 war.
